2812 4776
359 193 1033 282 mn.nuromunon.1³nm.1,21-2a
1240 217 1283 280 27

111 382 185 444 aeta
199 375 347 442 Caesaris
366 374 612 442 rescinduntur?
643 397 724 460 quae
739 375 868 460 quidem
883 397 953 460 ego,
975 380 1086 460 patres
1101 378 1284 462 conscripti,

111 469 168 551 qui
195 467 254 531 illa
280 486 446 549 nunquam
468 463 619 550 probavi,
648 467 758 528 tamen
781 464 828 528 ita
851 466 1071 530 conservanda
1094 467 1284 531 concordiae

111 577 208 621 causa
232 554 407 620 arbitratus
431 576 516 637 sum,
542 554 668 617 utnon
690 551 802 636 modo,
829 574 909 636 quas
932 554 1026 620 vivus
1050 555 1140 638 leges
1164 553 1284 620 Caesar

110 643 255 726 tulisset,
282 642 490 707 infirmandas
517 640 580 705 hoe
606 643 754 723 tempore
781 661 849 705 non
874 643 1037 726 putarem,
1065 643 1184 708 sedne
1206 644 1283 708 illas

83 732 254 816 squidem,
292 752 373 815 quas
404 733 481 815 post
511 731 648 793 mortem
676 727 826 794 Caesaris
857 728 1004 812 prolatas
1036 751 1106 796 esse
1139 735 1171 796 et
1201 732 1282 796 fixas

110 820 240 885 videtis:
273 819 311 884 de
335 819 449 884 exsilio
477 817 603 882 reducti
628 817 720 882 multi
748 839 767 880 a
795 820 937 901 mortuo,
970 817 1085 884 civitas
1113 819 1189 884 data
1215 842 1283 885 non
1295 784 1338 927 bl

110 907 217 974 solum
231 908 379 993 singulis,
402 907 459 972 sed
471 905 660 971 nationibus
679 909 713 970 et
728 905 904 988 provinciis
924 907 1083 972 universis
1102 929 1122 971 a
1140 912 1283 993 mortuo,

109 996 370 1062 immunitatibus
392 995 530 1060 infinitis
554 993 684 1059 sublata
702 994 878 1079 vectigalia
898 1016 918 1058 a
936 998 1074 1060 mortuo.
1102 1017 1180 1080 ergo
1203 997 1284 1063 haec

109 1107 183 1168 uno,
205 1107 317 1150 verum
337 1085 461 1169 optimo
476 1084 607 1148 auctore
620 1082 716 1147 domo
731 1084 861 1166 prolata
874 1082 1086 1148 defendimus:
1110 1106 1165 1150 eas
1184 1086 1284 1171 leges,

70 1191 97 1231 1⁰
110 1195 190 1258 quas
219 1174 290 1257 ipse
316 1174 413 1238 nobis
446 1171 706 1255 inspectantibus
734 1171 898 1255 recitavit,
929 1173 1167 1257 pronuntiavit,
1195 1174 1283 1256 tulit,
1322 1194 1326 1199 ’

110 1262 228 1345 quibus
252 1261 329 1326 latis
353 1261 556 1346 gloriebatur
579 1259 688 1343 eisque
707 1259 834 1343 legibus
853 1281 923 1323 rem
940 1261 1105 1343 publicam
1124 1262 1283 1326 contineri

109 1350 258 1434 putabat,
279 1350 318 1414 de
332 1348 519 1433 provinciis,
541 1348 581 1412 de
602 1347 740 1429 iudiciis,
768 1367 832 1430 eas,
855 1347 998 1432 inquam,
1020 1347 1170 1414 Caesaris
1193 1351 1281 1435 leges

109 1459 185 1522 nos,
213 1438 269 1522 qui
296 1437 497 1503 defendimus
525 1439 598 1500 acta
622 1433 785 1519 Caesaris,
817 1435 1007 1501 evertendas
1035 1438 1208 1520 putamus?
1246 1461 1283 1504 ao
1302 1441 1336 1491 25

110 1527 149 1592 de
171 1525 224 1591 his
247 1529 358 1590 temen
384 1525 526 1610 legibus,
559 1545 641 1608 quae
668 1524 895 1608 promulgatae
923 1529 1012 1608 sunt,
1050 1527 1165 1590 saltem
1192 1528 1285 1610 queri

68 1634 96 1674 rs
110 1636 297 1699 possumus:
322 1614 361 1678 de
380 1612 436 1697 eie,
459 1634 542 1697 quae
560 1613 627 1677 iam
645 1613 733 1677 latae
748 1612 907 1695 dicuntur,
930 1635 970 1678 ne
989 1612 1023 1677 id
1037 1613 1166 1697 quidem
1179 1615 1284 1699 licuit,

108 1704 184 1768 illae
209 1702 294 1768 enim
318 1702 386 1766 sine
408 1701 479 1766 ulla
500 1700 764 1785 promulgatione
786 1701 873 1767 latae
896 1705 972 1766 sunt
991 1705 1066 1766 ante
1085 1724 1184 1785 quam
1207 1704 1284 1767 seri·

108 1795 193 1875 ptae.
240 1811 360 1875 quaero
389 1793 498 1854 autem
521 1788 598 1873 quid
626 1789 671 1854 sit
698 1811 755 1854 cur
783 1793 840 1854 aut
868 1809 929 1873 ego
958 1792 1015 1854 aut
1038 1790 1209 1873 quisquam
1231 1813 1283 1855 ve·

108 1965 166 2033 der,
193 1963 246 2019 wie
265 1963 347 2038 Catil.
368 1969 382 2017 1
402 1968 418 2029 ξ
436 1969 470 2017 21
492 1979 554 2018 ewm
571 1966 670 2029 tacent,
723 1963 793 2016 icere
820 1966 845 2016 et
865 1977 1029 2031 praeconem
1051 1965 1284 2031 pronuntiare

108 2037 236 2091 clamant.
563 2087 565 2091 ,
719 2048 821 2102 possus
830 2047 887 2086 non
900 2037 945 2088 est.
965 2038 1023 2088 trem
1033 2033 1063 2088 U.
1071 2033 1213 2089 Cornelius
1223 2035 1284 2103 (der

57 2114 90 2162 24
145 2113 161 2160 6
181 2125 199 2160 a
216 2111 322 2160 mortuo
342 2146 365 2162 ..
385 2123 404 2159 a
421 2122 456 2159 m.
476 2146 501 2159 ..
521 2121 539 2158 a
555 2121 604 2159 m.:
622 2101 669 2158 ri-
723 2103 938 2172 Antragsteller)
951 2105 1010 2172 epse
1023 2105 1282 2160 codicemreottcoit.

107 2195 160 2246 gur
178 2177 228 2230 der
239 2176 390 2246 Epiphora‚
404 2174 587 2244 Antistrophe
602 2175 670 2229 oder
725 2173 753 2228 C.
764 2173 852 2228 Bardt
869 2174 976 2228 erklart
988 2175 1197 2231 unzweifelhatt
1210 2176 1283 2230 rich·

107 2249 257 2304 Conversio
277 2247 524 2316 (adHer.4§19.
543 2246 578 2300 de
597 2262 636 2302 or.
652 2252 668 2300 3
722 2245 765 2314 tig
783 2245 903 2300 subicere
925 2244 1004 2299 nieht
1025 2263 1091 2300 vom
1114 2246 1283 2301 Hinreiohen

108 2322 209 2386 5206).
229 2325 245 2371 2
260 2323 275 2383 ξ
289 2323 333 2372 tt.
352 2322 369 2370 8
384 2322 399 2382 ἓ
414 2322 446 2371 17
461 2316 493 2371 Ε.
512 2317 670 2385 (verwandt
722 2316 771 2370 des
787 2315 1004 2371 Schriftstiiohes
1022 2318 1132 2386 (wegen
1143 2333 1195 2372 aer.
1210 2319 1282 2372 sabi.

108 2395 125 2443 5
144 2394 160 2454 ἃ
178 2394 196 2441 4
219 2393 316 2442 contro
333 2387 488 2442 Antonium
507 2427 532 2441 ..
552 2388 589 2442 od
607 2388 668 2441 An·
718 2401 820 2455 pausae
837 2402 894 2440 non
907 2391 946 2440 ert
958 2387 1032 2441 nach
1047 2389 1143 2456 coepit)
1163 2389 1283 2443 sondern

107 2461 215 2514 torrium
232 2458 291 2512 und
308 2476 336 2527 p.
351 2456 411 2513 Mil.
430 2462 489 2524 59);
508 2458 669 2512 condereco-
722 2472 787 2510 vom
800 2455 959 2526 Vorsagen3
983 2456 1033 2510 der
1048 2474 1148 2525 praem
1163 2458 1283 2513 wieder-

107 2536 152 2584 tuo
170 2534 210 2584 eet
228 2569 253 2582 ..
273 2545 295 2583 c.
314 2533 353 2582 eat
374 2545 402 2597 p.
417 2527 512 2582 Rabir.
527 2528 604 2596 perd.
620 2543 668 2582 reo
722 2526 784 2581 holt
802 2527 853 2580 das
871 2526 931 2580 ihm
944 2526 1012 2580 leise
1027 2530 1143 2597 gescgte
1157 2529 1282 2596 nutrce-

107 2607 134 2667 9,
148 2607 191 2655 24.
218 2601 222 2667 Ι
253 2606 377 2668 lproo„
406 2598 460 2652 wie
480 2597 608 2666 Sicilien,
632 2598 668 2652 ad
722 2598 806 2662 citam
837 2597 877 2650 ist
900 2613 929 2650 er
951 2597 1050 2667 fertig,
1078 2614 1108 2651 so
1127 2598 1234 2653 erklart
1253 2616 1283 2654 er

106 2673 167 2726 Att.
188 2676 295 2739 14,12;
327 2671 440 2724 immam.
467 2674 586 2736 25975
611 2668 667 2737 vgl.
723 2666 1119 2734 dies,wiebeiGeriohtnaoh
1127 2669 1281 2725 Absohluss

107 2742 267 2811 uberhaupt
285 2747 300 2795 3
320 2746 392 2806 §30-
423 2744 531 2804 5512.
561 2743 667 2803 7515.
722 2737 1281 2808 derRedemausdriiokliohproauntiut,

109 2813 242 2884 l8crpo,
256 2831 290 2866 ru
301 2818 333 2867 19
343 2829 380 2867 m.
398 2812 402 2882 Ι
419 2816 434 2864 9
449 2827 542 2864 oerum
552 2811 668 2877 optimo:
721 2809 773 2863 auf
787 2808 886 2863 Befehl
904 2808 953 2863 des
968 2807 1174 2864 Vorsitzenden
1211 2811 1282 2867 Des-

108 2882 258 2937 dielronie
272 2899 309 2937 an
322 2881 511 2936 dieserStelle
525 2881 669 2935 schwtoht
720 2879 789 2934 halb
817 2879 892 2934 kann
915 2881 1024 2949 recitat,
1048 2883 1217 2948 procantu
1242 2899 1280 2938 ro.

107 2954 166 3007 und
182 2953 352 3008 verdnnhelt
365 2953 420 3006 den
432 2951 589 3019 Gegensatz
604 2969 667 3005 zum
720 2967 771 3019 per
797 2966 964 3018 praeconem
992 2975 1024 2997 =
1054 2950 1132 3006 iubet
1159 2952 1280 3022 recitari,

107 3023 278 3091 Folgenden.
290 3023 294 3093 l
307 3028 389 3088 unct,
398 3027 519 3090 p.22,12.
533 3020 536 3090 l
551 3023 668 3076 locedio
719 3021 906 3089 pronuntiari,
917 3020 990 3075 anch
999 3038 1055 3074 von
1065 3021 1170 3076 diesem
1185 3022 1280 3091 selbot,

107 3094 236 3161 impert:
255 3109 304 3146 aus
320 3092 348 3144 Z.
360 3098 401 3147 14.
413 3097 446 3144 16
460 3091 518 3144 und
532 3089 581 3144 der
600 3092 667 3145 alm·
721 3091 774 3145 wic
788 3091 858 3157 hier,
873 3093 973 3159 gesagt
986 3091 1105 3146 werden.
1123 3094 1127 3158 ί
1145 3097 1176 3144 11
1192 3094 1281 3160 aeque

107 3163 353 3231 lichenWendung
371 3168 387 3216 2
403 3166 460 3227 §92
471 3178 507 3214 m.
526 3160 591 3214 dari
603 3178 667 3215 man
721 3161 837 3229 lapibus,
861 3159 1078 3214 demonstrative
1096 3161 1281 3231 Fortsetzung

106 3235 181 3290 noch
194 3234 275 3289 nieht
288 3233 446 3300 schliessen,
459 3231 522 3284 dass
537 3247 588 3285 vor
600 3233 667 3286 reoi-
722 3232 770 3284 des
779 3230 991 3298 Relativsatzcs‚
1002 3247 1048 3284 am
1061 3231 1220 3299 h'aufigsten
1233 3233 1280 3286 bei

106 3302 613 3374 tacitausgefallenseipromulpaoit;
631 3318 668 3356 an
721 3300 898 3369 Negationen
928 3301 986 3354 und
1015 3301 1206 3369 Gegensatzcn
1233 3303 1281 3371 (ad

105 3375 186 3446 jener
196 3375 284 3430 Stella
302 3374 419 3429 handelt
437 3391 465 3428 es
479 3372 539 3426 sich
553 3391 606 3426 nur
619 3372 667 3426 um
720 3372 779 3426 Att.
800 3377 840 3439 10,
859 3378 939 3440 16,3;
960 3373 1036 3426 Brut.
1052 3375 1123 3441 258).
1159 3373 1280 3428 Beachte

108 3447 154 3500 die
167 3445 365 3516 promulgatio,
378 3444 439 3499 hier
452 3461 500 3496 um
515 3442 560 3497 die
574 3444 667 3497 daron
721 3442 765 3496 die
797 3443 1031 3497 nechdrfiokliohe
1061 3443 1280 3514 Wiederholung

128 3517 256 3571 etrennte
273 3515 344 3585 legis
357 3515 436 3574 latio.
463 3514 521 3568 Der
538 3514 666 3568 einfache
719 3530 774 3566 von
793 3515 903 3582 lapibus.

107 3535 601 3641 dedunkeist‘cmtvorunseren
610 3586 665 3638 Au·
757 3590 790 3637 14
808 3586 841 3638 de
858 3586 914 3651 bis,
940 3584 967 3637 Ζ.
988 3590 1079 3650 5-8;
1108 3601 1278 3652 quamquam
1298 3591 1331 3640 25

129 3674 164 3711 en
182 3657 232 3724 (im
242 3655 397 3726 Gegensatz
411 3675 444 3710 zu
456 3657 534 3710 domo
543 3657 667 3724 prolatu)
721 3655 794 3708 nihil
812 3655 897 3722 aliud,
916 3661 1006 3710 tomen
1020 3657 1114 3709 saltem
1128 3657 1205 3723 queri
1215 3672 1279 3723 pos-

108 3676 158 3782 das
186 3727 286 3782 Genetz
317 3746 365 3782 zur
391 3727 589 3795 Abstimmung
621 3742 668 3795 ge·
721 3741 822 3779 samus.
839 3726 843 3794 Ι
862 3731 893 3779 16
904 3728 976 3780 latae
989 3731 1063 3790 sunt,
1072 3726 1196 3779 namlioh
1207 3729 1279 3781 nach

106 3799 228 3854 brachi!
255 3797 308 3851 Die
321 3798 475 3866 Handlung
494 3798 578 3864 (tulit)
597 3796 667 3850 wird
721 3796 858 3850 Antonius
876 3797 992 3864 Angabe
1012 3795 1058 3848 bei
1075 3795 1190 3850 Cacsars
1208 3799 1279 3851 Leb-

107 3869 158 3923 der
176 3867 426 3923 Ansehauliehheit
442 3884 540 3936 wegen
559 3867 588 3920 in
606 3867 668 3921 ihre
722 3867 820 3921 reiten.
838 3871 841 3934 Ι
857 3869 974 3933 scraptae
988 3866 1067 3919 nicht
1080 3867 1278 3936 ‘ausgeschrie-

108 3938 208 3994 Theile
227 3938 346 4007 zerlegt,
373 3955 430 3993 von
448 3937 537 3992 denen
556 3937 666 3991 freilieh
720 3937 786 3991 ben’
808 3937 927 3990 sondern
945 3937 1017 3989 nach
1032 3937 1173 4006 haufigcm
1187 3939 1279 4005 publi-

106 4012 182 4066 recit.
197 4028 224 4063 u.
234 4014 370 4078 pronum.
384 4007 666 4076 nichtganzstrenge
721 4007 879 4061 cistisohcm
897 4006 1061 4115 giebrauche
1087 4008 1278 4072 ‘entworfen’3

107 4080 667 4219 bhlltbdltllfftf'ttltili?
719 4079 1000 4217 tabbath
1017 4081 1279 4217 ultimas}

107 4221 175 4289 liae)
199 4221 332 4286 ferurrdae
355 4222 413 4276 dies
430 4221 505 4274 uenit
526 4225 551 4274 et
567 4235 667 4289 praeco
720 4218 795 4273 diese
828 4219 1002 4287 Einfsihrung
1035 4221 1110 4273 eines
1143 4219 1278 4287 selbstge-

105 4293 256 4347 subidente
277 4293 368 4346 scriba
390 4293 473 4346 verbo
498 4292 564 4359 lepis
582 4292 666 4345 rect·
720 4290 850 4344 machion
877 4291 1014 4344 Einwurfs
1043 4291 1202 4357 (subiectio),
1230 4290 1279 4343 der

106 4368 181 4418 tare
194 4363 300 4432 populo
318 4363 413 4432 coepit,
432 4367 457 4417 et
472 4363 590 4418 scribam
603 4362 665 4416 aab·
720 4361 814 4429 gleich
838 4361 940 4416 darant
960 4361 1116 4424 uiderlegt
1136 4361 1232 4418 uano,
1248 4359 1299 4404 ‘aa
