2812 4776
336 234 343 243 ‘
365 217 405 270 IN
423 219 460 271 M.
480 216 677 272 ANTONIUM
697 217 753 272 ΟΒ.
772 218 867 272 PHIL.
886 219 920 287 Π,
940 224 1054 272 27-30.
1251 218 1294 282 53

122 380 310 444 libertatem
325 383 375 444 est
388 379 591 464 gratulatus?
623 401 678 444 cur
691 380 773 444 mihi
790 380 1016 462 potissimum?
1040 381 1116 464 quia
1131 380 1295 445 sciebam?

123 468 194 531 vide
217 488 257 532 ne
280 468 338 532 illa
362 490 459 532 causa
482 467 581 532 fuerit
604 468 792 551 appellandi
815 469 892 552 mei,
915 469 1014 553 quod,
1037 490 1110 533 eum
1131 490 1200 534 rem
1223 489 1295 553 ges-

123 558 219 620 sisset
242 557 443 620 consimilem
473 557 570 621 rebus
594 556 655 639 eis,
683 579 763 641 quas
791 556 861 640 ipse
888 577 1066 641 gesseram,
1094 579 1144 622 me
1168 558 1297 640 potissi-

122 667 210 708 mum
242 648 383 709 testatus
417 648 466 731 ¹est
498 667 532 708 se
566 645 729 709 aemulum
766 667 910 709 mearum
942 646 1086 710 laudium
1123 646 1296 710 exstitisse.

96 737 160 797 stu
183 737 306 816 autem,
330 733 476 797 omnium
499 733 706 817 stultissime,
728 754 794 799 non
817 734 995 818 intellegis,
1018 735 1060 817 si,
1082 735 1116 798 id
1139 734 1223 818 quod
1244 755 1296 797 me
1315 748 1349 794 aa

124 822 247 905 arguis,
269 821 409 886 voluisse
432 822 571 886 interfici
594 819 766 886 Caesarem
789 822 912 886 crimen
935 823 991 905 sit,
1016 823 1115 886 etiam
1138 823 1297 887 laetatum

123 931 194 974 esse
222 913 327 974 morte
355 908 504 975 Caesaris
533 911 655 974 crimen
683 910 776 976 esse?
824 911 901 994 quid
929 912 1015 976 enim
1045 911 1182 975 interest
1211 911 1297 974 inter

123 1020 289 1062 suasorem
307 998 388 1062 facti
406 1003 439 1063 et
456 999 687 1083 probatorem?
724 1002 781 1063 aut
800 999 876 1083 quid
894 999 995 1063 refert
1011 1002 1120 1064 utrum
1139 1000 1298 1063 voluerim

122 1088 191 1151 fieri
216 1109 256 1150 an
280 1087 440 1171 gaudeam
463 1086 608 1152 factum?
651 1089 760 1171 ecquis
785 1091 835 1151 est
862 1088 965 1171 igitur
989 1088 1131 1170 exceptis
1155 1088 1214 1169 eis,
1242 1088 1297 1171 qui

83 1194 109 1231 10
123 1176 218 1239 illum
231 1194 368 1258 regnare
382 1175 581 1260 gaudebant,
602 1176 657 1259 qui
676 1175 757 1240 illud
775 1179 833 1241 aut
850 1176 921 1240 fi‘eri
939 1177 1081 1241 noluerit
1099 1179 1156 1240 aut
1174 1176 1297 1240 factum

123 1263 341 1347 improbarit?
378 1285 491 1329 omnes
516 1283 594 1348 ergo
617 1265 651 1328 in
674 1265 783 1347 culpa:
812 1266 932 1329 etenim
951 1286 1063 1330 omnes
1082 1265 1174 1348 boni,
1198 1286 1298 1347 quan-

124 1356 193 1415 tum
216 1353 251 1416 in
273 1352 354 1434 ipsis
377 1351 455 1436 fuit,
485 1350 658 1417 Caesarem
682 1353 878 1417 occiderunt:
911 1352 985 1417 aliis
1010 1353 1195 1435 consilium,
1223 1352 1298 1416 aliis

124 1441 265 1523 animus,
294 1440 368 1504 aliis
397 1441 523 1504 occasio
547 1440 678 1523 defuit3⁸
695 1442 846 1507 voluntas
873 1442 1005 1506 nemini.
1051 1441 1107 1505 sed
1135 1444 1299 1524 stuporem

124 1529 266 1594 hominis
289 1529 340 1592 vel
364 1528 469 1593 dicam
492 1528 624 1612 pecudis
648 1529 821 1612 attendit03
855 1531 901 1594 sic
924 1531 1010 1594 enim
1034 1530 1127 1594 dixit:
1156 1528 1299 1613 ‘Brutus
1317 1553 1352 1600 30

84 1636 110 1675 15
125 1639 220 1701 quem
244 1637 304 1701 ego
328 1617 463 1681 honoris
487 1639 585 1681 eausa
612 1620 759 1701 nomino,
787 1621 955 1682 cruentum
981 1619 1156 1702 pugionem
1183 1620 1298 1681 tenens

125 1704 313 1770 Ciceronem
341 1706 547 1770 exclamarit:
581 1728 619 1769 ex
643 1729 705 1789 quo
729 1706 876 1791 intellegi
906 1707 1001 1770 debet
1028 1728 1102 1770 eum
1135 1706 1299 1770 conscium

124 1793 245 1857 fuisse?
291 1813 368 1878 ergo
393 1814 452 1878 ego
477 1795 652 1858 sceleratus
682 1795 831 1878 appellor
853 1817 872 1858 a
894 1799 940 1878 te,
969 1817 1064 1878 quem
1091 1797 1129 1858 tu
1157 1794 1299 1876 suspica·

124 1887 195 1947 tum
219 1882 340 1967 aliquid
364 1882 552 1967 suspicaris3
584 1883 655 1964 ille,
684 1884 740 1967 qui
764 1883 942 1947 stillantem
965 1905 1102 1967 praese
1125 1883 1299 1967 pugionem

125 2043 159 2092 80
182 2054 233 2092 cur
254 2043 311 2091 tam
333 2042 427 2092 tamem
454 2039 616 2092 exclamarit
641 2055 680 2094 oc·
740 2039 824 2107 such,
857 2039 930 2092 doch
964 2039 1080 2105 saltum,
1112 2039 1143 2092 in
1171 2038 1299 2092 omnibus

125 2111 221 2162 cisum.
470 2122 472 2125 ·
740 2110 903 2179 culpal12
927 2111 1085 2176 currilium,
1112 2110 1152 2163 sie
1178 2111 1299 2163 wussten

70 2187 105 2236 29
162 2185 178 2232 5
203 2181 229 2232 si
249 2209 282 2218 -
304 2181 405 2233 crimea
426 2181 478 2244 sit,
508 2181 611 2235 ebenso
642 2187 685 2235 34.
739 2179 819 2234 nicht
836 2179 890 2234 wie
909 2196 938 2234 es
957 2181 1104 2251 anfangen.

128 2251 131 2321 l
154 2256 168 2303 7
188 2251 255 2319 quid
273 2250 345 2304 euim
362 2251 473 2304 iuterest
492 2282 525 2290 —
544 2253 631 2319 prola,
649 2251 685 2305 ad
777 2256 810 2303 14
827 2251 954 2318 immiuis,
968 2253 1092 2320 pecudis,
1111 2258 1126 2306 8
1146 2256 1191 2317 §9
1210 2251 1236 2304 si
1253 2251 1299 2304 ho-
1318 2258 1353 2306 30

126 2323 293 2386 Att16,7‚a
308 2323 433 2389 quamuis
449 2337 507 2375 uou
524 2321 612 2388 fueris
620 2338 684 2377 sua·
738 2322 824 2375 miues
842 2323 887 2376 itti
905 2339 938 2376 ac
955 2338 1012 2376 mou
1027 2324 1159 2390 pecudes;
1176 2321 1251 2375 Lael.
1264 2327 1299 2375 48
1383 2380 1386 2385 ,

125 2407 171 2445 sor
198 2397 223 2444 et
244 2392 379 2460 impulsor
400 2393 582 2459 profectioris
604 2409 685 2459 meae,
739 2393 809 2460 (das.
834 2392 964 2461 Seyffert)
993 2395 1060 2462 quid
1087 2395 1197 2447 iuterest
1226 2396 1300 2445 motu

126 2463 294 2530 adprobator
312 2467 380 2515 certe
396 2463 486 2529 fuisti.
517 2463 574 2516 Der
583 2465 685 2531 proba·
739 2463 829 2516 auimr'
846 2464 954 2516 sublato
976 2480 1033 2517 uou
1051 2465 1112 2518 dieo
1131 2465 1203 2516 iuter
1218 2478 1300 2530 pecu-

126 2539 169 2587 tor
182 2532 221 2586 ist
234 2532 314 2587 nicht
327 2531 394 2586 weit
408 2532 496 2586 selbst
509 2550 576 2587 rom
588 2550 687 2588 suasor
740 2534 799 2601 dem
821 2538 845 2587 et
863 2534 1005 2600 homiuem,
1022 2535 1069 2588 sed
1082 2536 1155 2588 iuter
1168 2534 1301 2586 homiuem

127 2604 261 2672 enuemr,
285 2602 406 2658 welcher
429 2603 545 2658 letutere
564 2602 619 2660 Cic.
638 2621 686 2674 ge·
740 2609 765 2658 et
783 2609 926 2671 truucum;
945 2605 1138 2673 parad.1§14
1157 2619 1226 2672 puae
1238 2605 1300 2672 pui-

126 2691 219 2729 wesen
237 2674 296 2728 sein
315 2674 381 2740 soll;
400 2674 449 2728 der
464 2673 597 2729 Gedanke
616 2676 686 2729 wird
740 2676 799 2729 dem
813 2675 881 2728 mihi
899 2691 951 2729 eor
963 2677 1099 2744 pecudium
1117 2677 1225 2729 uidetur
1239 2689 1301 2740 esse,

126 2744 215 2799 durch
242 2744 287 2799 die
313 2745 445 2814 folgende
469 2745 561 2815 Frage
588 2745 687 2800 rariirt
740 2761 797 2799 uou
814 2746 961 2800 homiuum.
987 2746 1051 2801 Tac.
1067 2764 1130 2801 ann.
1148 2750 1214 2814 13,1
1234 2745 1301 2799 adeo

127 2819 188 2886 (aut
206 2814 283 2870 steht
296 2815 341 2869 fur
353 2821 378 2870 et
396 2815 618 2894 inVerbiudpng
632 2834 687 2872 von
741 2822 772 2871 ut
792 2815 820 2869 0.
838 2815 939 2871 Caesar
961 2833 1022 2871 eum
1039 2818 1170 2885 pecudea
1189 2832 1301 2869 auream

125 2888 321 2957 Fragesttzen)
342 2888 399 2941 und
419 2887 502 2942 dabei
520 2891 607 2942 etwas
626 2905 686 2943 rer·
741 2889 880 2955 appellare
897 2889 994 2942 solitus
1010 2891 1076 2957 sit!
1098 2889 1140 2942 oet
1158 2888 1247 2941 dicam
1266 2912 1300 2931 =

127 2957 336 3026 allgemeinert:
370 2959 502 3024 probator
532 2959 688 3028 entspricht
740 2959 1078 3024 vel,utoeriusdieamsst;
1095 2958 1300 3025 ‘oder,mtohte

126 3029 261 3096 paudeam
288 3028 406 3094 sactum,
432 3028 477 3080 fur
501 3044 599 3082 suasor
623 3030 688 3083 tritt
740 3029 787 3082 ich
806 3030 917 3097 sagen'3
936 3048 963 3098 p.
984 3029 1058 3082 Cael.
1071 3035 1104 3082 75
1123 3046 1178 3097 qua
1197 3045 1229 3080 eu
1242 3030 1302 3080 uita

127 3099 258 3152 coluerim
285 3099 347 3164 fieri
374 3100 423 3166 (=
443 3098 471 3152 Z.
491 3100 522 3165 6)
547 3099 605 3165 ein,
638 3100 687 3153 das
740 3101 782 3152 eet
800 3100 890 3153 dicam
913 3116 966 3167 quo
990 3116 1023 3152 aa
1039 3115 1173 3165 sermoue;
1201 3099 1236 3151 de
1254 3098 1300 3166 fin.

127 3169 241 3222 suadere
259 3170 327 3223 aber
344 3168 384 3221 ist
401 3187 453 3221 nur
472 3169 534 3222 eine
551 3169 616 3223 sehr
630 3171 687 3224 ent·
744 3177 757 3222 1
777 3175 792 3234 ἕ
809 3174 840 3222 10
859 3170 939 3222 motis
956 3171 997 3223 oet
1011 3171 1101 3223 dicam
1121 3174 1169 3223 aut
1185 3170 1301 3221 oratori-

128 3239 275 3294 schiedene
294 3239 425 3309 specielle
441 3241 621 3309 Aeusserung
638 3240 688 3294 des
742 3242 792 3293 tus
806 3241 885 3293 bouis
899 3245 948 3293 aut
960 3242 1062 3308 poetis;
1081 3239 1158 3293 Brut.
1169 3244 1220 3292 207
1234 3240 1302 3292 uuiti

128 3312 281 3377 cotumses.
305 3310 362 3365 Das
381 3310 601 3380 Hauptgewieht
618 3311 688 3364 wird
738 3311 867 3378 placebat
886 3311 1057 3379 Pomponius
1071 3311 1187 3365 maxime
1204 3312 1245 3363 ael
1260 3311 1300 3363 di·

128 3383 187 3436 also
211 3383 262 3435 auf
282 3381 327 3436 die
355 3380 519 3450 Gesinnung
545 3398 604 3435 vor
631 3382 688 3435 und
742 3399 801 3436 cam
823 3383 934 3435 miratore
961 3384 1136 3450 displicebat;
1168 3387 1232 3447 2463
1266 3382 1301 3434 ad

128 3452 214 3507 nach
241 3453 291 3506 der
314 3452 389 3506 That
415 3453 525 3523 gelegt;
558 3452 689 3507 dahinter
742 3455 800 3507 Am.
817 3459 840 3518 9,
850 3460 900 3520 7,1
920 3471 954 3506 ue
968 3455 1035 3522 quid
1056 3456 1173 3522 turpiter
1186 3453 1302 3517 facerem

128 3525 192 3578 tritt
223 3523 269 3577 die
301 3525 477 3593 Aeusserung
514 3524 564 3577 der
592 3522 688 3578 Gesin·
743 3526 784 3577 cet
801 3525 891 3577 dicam
910 3527 967 3577 iam
985 3526 1119 3591 fecissem
1138 3525 1172 3574 ad
1192 3523 1256 3574 fam,
1277 3530 1301 3587 4,

128 3612 206 3663 nung
224 3595 327 3648 zuriiek
345 3594 384 3661 (Z.
400 3596 451 3662 13).
489 3600 539 3648 aut
561 3596 622 3661 fieri
640 3611 689 3648 uo-
745 3602 768 3662 7,
784 3602 799 3648 3
819 3615 837 3648 u
852 3597 990 3663 plerisque
1007 3597 1048 3648 eet
1062 3597 1152 3648 dicam
1167 3594 1200 3645 ab
1216 3595 1301 3645 omm-

128 3666 211 3719 lucrit
229 3666 308 3720 hatte
326 3665 422 3719 fehlen
440 3665 560 3731 ktnnen,
581 3665 617 3719 da
633 3664 688 3718 Cic.
744 3668 800 3719 bus.
818 3669 822 3733 l
841 3672 956 3734 loquere
970 3667 1079 3718 teucris
1094 3680 1178 3716 causa
1192 3665 1302 3716 risoruiua

128 3736 224 3805 aeigen
242 3736 315 3803 will,
341 3736 404 3790 dass
427 3736 513 3789 sehon
532 3736 577 3790 die
596 3736 689 3790 blosse
744 3739 823 3806 sagte
842 3755 907 3790 man
921 3755 976 3789 von
992 3737 1082 3788 einem
1094 3735 1241 3787 Lebenden
1256 3736 1301 3787 bei

128 3807 235 3861 Frende
244 3806 315 3861 fiber
325 3805 441 3860 Caesare
452 3806 512 3860 Tod
526 3825 575 3860 zur
585 3806 689 3860 Schuld
743 3808 964 3876 gelegentlicher
973 3807 1157 3872 Erwahnung,
1178 3824 1225 3856 um
1240 3822 1301 3858 aus-

129 3877 271 3947 gereiche;
300 3878 368 3931 aber
391 3877 454 3931 dass
478 3893 508 3930 er
526 3877 601 3932 diese
620 3878 688 3945 logi-
744 3878 900 3931 zudrfieken
928 3878 990 3929 dass
1018 3878 1086 3929 eben
1119 3876 1192 3928 disse
1225 3876 1302 3928 nicht

129 3948 195 4003 sche
206 3947 320 4002 Scharfe
339 3947 419 4000 nicht
437 3949 689 4016 augswendethat,
743 3948 899 4016 unbedingt
914 3947 1110 4000 erforderliche
1124 3947 1302 4012 Erwtthnung

129 4019 204 4088 zeigt
225 4020 354 4073 voluutas
375 4019 487 4072 uemiui.
524 4018 561 4072 Es
585 4018 622 4072 ist
647 4019 688 4072 lo·
742 4020 915 4087 keineswegs
940 4020 1026 4071 etwas
1051 4017 1239 4070 verletzendes
1259 4016 1302 4066 fiir

130 4091 209 4160 gisch
228 4089 459 4159 untergeordnet:
484 4089 610 4143 ebenso
629 4092 690 4157 gut
741 4090 824 4158 jenen
853 4089 999 4142 enthalten
1033 4089 1110 4142 solle.
1162 4086 1215 4138 Cic.
1243 4087 1303 4152 legt

129 4161 192 4216 wie
211 4160 260 4214 der
277 4161 403 4214 Wunsch
422 4160 494 4214 nach
505 4158 690 4213 CaesarsTod
743 4161 803 4213 hier
832 4160 998 4212 absiohtlioh
1026 4160 1055 4212 in
1079 4159 1152 4210 disse
1176 4155 1301 4207 Ho'flich-

129 4232 231 4286 vorher
262 4231 299 4286 ist
330 4231 376 4285 die
404 4230 513 4284 Fraude
545 4229 690 4284 hinterher
744 4231 915 4284 keitsformel
931 4232 1009 4283 mehr
1031 4231 1072 4283 als
1092 4229 1131 4280 sie
1150 4227 1273 4293 bcsagte.
1296 4226 1299 4295 l

131 4300 520 4372 GegenstanddesVorwurfs.
538 4301 542 4369 Ι
560 4307 690 4354 llomues
746 4307 777 4354 18
798 4303 911 4369 suspic:
940 4303 989 4354 das
1013 4304 1085 4354 erste
1109 4297 1185 4348 steht
1206 4297 1234 4348 in
1255 4313 1301 4348 an-

129 4376 162 4428 iu
189 4374 272 4442 eulpa
297 4398 330 4418 =
357 4373 481 4426 omnium
509 4371 592 4440 culpa
625 4371 690 4425 oder
745 4373 837 4425 derem
854 4372 935 4425 Sinne
956 4375 1015 4440 (um
1029 4367 1318 4424 dieVerseuuuruns„
1386 4384 1394 4395 =
