2812 4776
127 203 168 266 18
518 198 556 254 M.
576 198 700 255 TULLII
719 195 910 253 CICERONIS

124 367 288 446 putarem,
311 362 368 427 sed
390 383 431 426 ne
453 361 579 426 tardius
598 382 696 447 quam
713 379 863 442 euperem
882 358 929 423 rei
942 358 1091 443 publicae
1110 359 1309 442 gratularer.

125 455 220 537 atque
245 470 304 535 ego
329 450 477 515 celeriter
493 449 623 515 Veliam
647 448 799 512 devectus
822 446 962 511 Brutum
984 447 1064 512 vidi:
1088 451 1210 531 quante
1230 470 1307 513 meo

125 540 237 605 dolere
259 561 327 604 nen
350 539 436 604 dieo:
459 541 553 620 turpe
576 536 658 600 mihi
681 535 746 618 ipsi
768 535 940 600 videbatur
962 535 998 598 in
1021 557 1093 599 eam
1116 537 1231 600 urbem
1252 559 1307 602 me

125 628 241 692 audere
265 627 397 711 reverti,
425 647 464 690 ex
487 646 551 709 qua
573 624 696 688 Brutus
725 623 863 707 eederet,
892 627 924 688 et
951 624 998 687 ibi
1020 623 1103 688 velle
1125 627 1197 688 tuto
1222 647 1308 710 esse,

103 715 182 780 'ubi
213 716 269 780 ille
300 737 367 780 nen
395 716 516 797 posset.
565 735 670 796 neque
696 733 773 776 vere
801 711 896 776 illum
924 711 1075 776 similiter
1105 714 1202 796 atque
1230 713 1335 796 ipses

124 825 213 868 eram
237 805 435 868 commotum
458 823 529 866 esse
550 801 630 865 vidi:
668 803 792 865 erectus
820 800 907 864 enim
930 799 1064 864 maximi
1092 822 1130 865 ae
1153 801 1308 884 pulcher-

123 892 199 956 rimi
221 890 301 956 faeti
324 890 375 955 sui
399 889 598 954 eonscientia
627 888 710 952 nihil
734 889 772 953 de
796 910 855 954 sue
880 910 970 971 casu,
1002 888 1106 953 multe
1129 888 1168 953 de
1191 892 1306 955 vestro

71 983 105 1032 10
123 980 327 1064 querebatur.
373 999 475 1062 exque
499 999 536 1041 eo
560 976 704 1060 primum
727 976 866 1061 cognovi
888 998 971 1060 quae
993 975 1148 1041 Kalendis
1173 975 1307 1042 Sextili·

122 1069 183 1132 bus
207 1068 243 1131 in
266 1072 381 1131 senatu
403 1065 522 1131 fuisset
538 1064 575 1130 L.
593 1064 723 1129 Pisonis
747 1065 865 1129 oratio:
888 1065 944 1148 qui
967 1086 1164 1149 quamquam
1184 1087 1307 1148 parum

123 1159 250 1220 erat-
265 1154 298 1218 id
322 1154 409 1229 enim
430 1154 539 1238 ipsum
562 1174 582 1216 a
603 1151 715 1218 Brute'
731 1153 896 1217 audieram
910 1189 952 1199 —-
971 1175 991 1216 a
1010 1153 1125 1236 quibus
1145 1153 1307 1218 debuerat
1320 1173 1347 1213 ιο

124 1243 267 1326 adiutus,
299 1245 410 1307 temen
437 1245 471 1306 et
492 1240 588 1306 Bruti
615 1240 805 1306 testimonie
829 1277 872 1287 -
896 1263 960 1326 que
988 1241 1064 1324 quid
1090 1245 1202 1324 potest
1230 1263 1306 1306 esse

123 1330 277 1416 gravius?
291 1367 334 1378 -
350 1333 383 1394 et
396 1330 542 1395 omnium
555 1329 805 1413 praedieatione,
827 1351 909 1415 quos
924 1333 1039 1412 postea
1052 1329 1129 1412 vidi,
1146 1349 1306 1415 maguam

123 1419 205 1484 mihi
232 1419 404 1484 videbatur
431 1418 570 1503 gloriam
597 1421 799 1483 consecutus.
844 1417 930 1482 hune
957 1417 1059 1502 igitur
1086 1421 1123 1481 ut
1150 1439 1307 1503 sequerer

122 1507 308 1592 properavi,
337 1529 433 1592 quem
455 1510 643 1591 praesentes
670 1528 737 1571 non
760 1510 837 1570 sunt
864 1505 981 1589 secuti,
1009 1526 1077 1570 non
1103 1509 1140 1570 ut
1166 1507 1305 1589 profice-

122 1618 192 1660 rem
216 1596 338 1680 aliquid
359 1632 398 1643 -
418 1616 478 1660 nee
501 1596 588 1659 enim
611 1594 782 1678 sperabam
800 1594 833 1658 id
851 1615 912 1659 nee
932 1615 1061 1677 sperare
1079 1597 1229 1677 poteram
1252 1631 1305 1679 -·,
1319 1614 1344 1656 15

123 1684 180 1748 sed
207 1689 259 1767 ut,
291 1684 319 1748 si
347 1683 423 1767 quid
452 1683 535 1748 mihi
562 1683 750 1748 humanitus
784 1683 955 1748 accidisset
982 1719 1024 1728 -
1053 1683 1157 1746 multe
1190 1686 1305 1748 autem

122 1772 309 1856 impendere
323 1772 473 1836 videntur
490 1775 618 1855 praeter
635 1775 788 1838 naturam
807 1771 907 1836 etiam
921 1775 1114 1856 praeterque
1127 1770 1235 1834 fatum
1251 1808 1306 1856 -,

121 1860 219 1925 huius
242 1865 354 1926 tamen
378 1860 443 1925 diei
465 1881 576 1926 vocem
599 1863 718 1925 testem
740 1860 788 1924 rei
806 1859 957 1944 publicae
975 1859 1190 1944 relinquerem
1210 1880 1305 1925 meae

122 1954 301 2032 perpetuae
324 1968 403 2033 erga
426 1970 460 2013 se
482 1949 668 2015 voluntatis.

70 2057 102 2105 11
212 2035 373 2116 Quoniam
395 2036 563 2120 utriusque
582 2037 709 2102 consilii
728 2057 869 2118 eausam,
891 2039 1002 2119 patres
1020 2035 1206 2119 conscripti,
1227 2056 1344 2118 pre-re

122 2125 232 2190 batam
255 2124 348 2189 vebis
371 2146 443 2189 esse
466 2125 607 2208 confide,
634 2126 824 2209 priusquam
851 2124 890 2188 de
912 2145 946 2188 re
969 2124 1101 2208 publiea
1124 2123 1232 2189 dicere
1255 2125 1306 2189 in·

122 2213 224 2296 cipio,
246 2234 350 2297 pauca
371 2234 487 2296 querar
509 2213 548 2276 de
566 2212 719 2277 hesterna
732 2212 871 2277 Antonii
892 2211 1024 2277 iniuria:
1048 2213 1099 2276 eui
1124 2234 1197 2276 sum
1221 2213 1304 2276 ami-

122 2322 188 2385 ens,
210 2300 307 2385 idque
331 2323 382 2365 me
405 2300 562 2366 nonnullo
587 2301 655 2365 eius
679 2300 788 2366 efficio
812 2300 928 2365 debere
951 2322 1022 2364 esse
1045 2320 1123 2384 prae
1145 2321 1197 2363 me
1218 2322 1304 2364 sem·

81 2387 179 2472 5per
201 2390 273 2454 tuli.
318 2389 396 2473 quid
419 2388 551 2453 tandem
579 2393 650 2452 erat
677 2410 794 2454 causae
822 2410 878 2452 eur
904 2388 939 2452 in
967 2393 1116 2455 senatum
1145 2388 1303 2454 hesterno

123 2581 169 2634 ‘zu
182 2580 386 2649 rechterZeit’,
405 2581 482 2634 sonst
500 2580 530 2636 iu
546 2581 683 2650 tempore.
737 2584 781 2635 81.
802 2586 836 2635 10
850 2585 917 2645 §12-
935 2581 940 2649 Ι
958 2587 990 2634 16
1008 2580 1035 2633 ei
1051 2580 1121 2648 quid
1138 2579 1208 2633 miti
1225 2580 1301 2636 hum.

122 2650 129 2733 l
148 2657 164 2704 2
184 2651 272 2717 Velia,
287 2646 370 2706 'Ete'u
388 2650 577 2718 inLueanien,
596 2652 682 2705 etwas
737 2667 802 2717 aee,
820 2649 1047 2720 euphemistiseh,
1067 2648 1119 2704 wie
1137 2668 1165 2719 p.
1184 2650 1245 2705 Mil
1266 2657 1302 2706 99

120 2738 161 2774 rm
176 2720 202 2775 S.
218 2738 273 2775 von
284 2721 430 2788 Paestum3
449 2722 523 2776 nahe
537 2721 621 2775 dabei
634 2721 684 2791 lag
732 2723 878 2789 praeclare
895 2723 997 2788 einero,
1015 2721 1122 2789 siquid
1139 2721 1208 2775 miti
1226 2725 1301 2776 aeca-

120 2790 272 2846 dieFlotte
291 2791 339 2845 des
354 2790 457 2845 Brutus
476 2791 515 2844 im
529 2791 682 2846 Helesfluss
736 2792 808 2847 derit
823 2793 905 2860 prius
927 2808 1010 2860 quam
1032 2791 1082 2845 hoe
1105 2796 1214 2846 tentum
1231 2794 1303 2847 mali

121 2861 205 2931 (jetnt
222 2861 351 2930 Alente),
383 2861 420 2914 ad
443 2861 502 2916 Att.
523 2867 565 2929 16,
586 2867 610 2928 7,
629 2866 654 2915 ὅ.
677 2861 680 2932 l
735 2863 840 2928 eider03
868 2861 950 2917 Catil.
970 2868 987 2915 4
1005 2867 1050 2926 §3
1070 2862 1096 2916 si
1113 2863 1181 2931 quid
1198 2862 1301 2931 011191-

122 2933 247 3001 tpulet.
269 2933 340 2999 faeti
361 2933 526 3002 ruinosae,
559 2935 682 2996 21114
734 2933 782 2998 rit,
801 2948 886 3001 aequo
904 2933 997 2987 auimo
1014 2933 1134 2998 moriam
1154 2933 1301 3001 Pompei)

119 3005 190 3058 setis
207 3003 240 3057 ie
262 3004 326 3072 ipsa
349 3004 515 3058 commeatis
528 3003 682 3071 pulcherri-
735 3005 762 3056 ei
779 3004 847 3071 quid
869 3003 974 3069 saetam
997 3007 1068 3057 esset.
1100 3007 1104 3070 Ι
1136 3008 1168 3057 11
1188 3008 1302 3071 praeter

119 3075 159 3129 mi
177 3074 247 3140 faeti
265 3075 375 3142 fruetur
392 3078 467 3140 erat,·
483 3075 572 3128 multa
590 3089 681 3143 quere-
735 3074 838 3140 fatum,
870 3090 927 3129 von
954 3074 1046 3128 einem
1067 3072 1157 3142 jahen
1183 3075 1302 3143 8111111-

120 3145 212 3210 batur,
232 3151 264 3199 11
276 3162 372 3215 pauca
390 3161 498 3214 querar.
515 3145 520 3214 Ι
535 3146 568 3200 de
586 3150 682 3210 vestro,
736 3161 834 3199 samen
862 3145 955 3212 Tode,
984 3161 1020 3199 au
1048 3145 1098 3198 das
1126 3143 1302 3214 griechisehs

120 3215 184 3270 dass
203 3213 343 3270 menuae
360 3217 419 3270 und
433 3216 520 3271 Senat
537 3234 591 3270 nur
608 3217 681 3271 noch
735 3211 809 3285 ὑπὲρ
828 3211 917 3284 μόρον
936 3214 1106 3269 errinnernd.
1123 3217 1128 3281 1
1145 3220 1180 3269 18
1198 3220 1302 3283 tamea,

120 3285 167 3340 ein
187 3283 322 3340 Sehatten
339 3301 442 3339 waren.
735 3304 770 3340 zu
788 3292 814 3354 2,
832 3292 876 3353 32,
896 3290 938 3339 78.
954 3286 960 3352 Ι
977 3291 1010 3338 19
1028 3301 1065 3351 ee,
1083 3303 1116 3337 au
1134 3303 1162 3353 p.
1179 3291 1221 3352 15,
1236 3292 1262 3340 2.

67 3360 101 3409 10
156 3361 276 3424 ficteque
293 3356 410 3410 hatGie.
427 3356 681 3426 sowenig(3§38.
771 3361 806 3409 20
824 3356 969 3424 quoniam,
996 3360 1099 3420 2543
1119 3373 1155 3409 m.
1185 3359 1190 3425 Ι
1216 3358 1298 3424 prob.
1320 3365 1352 3412 11

120 3425 436 3495 5§36)wiecurnque(2
447 3425 560 3494 11411.)
576 3425 680 3495 gemie-
734 3427 811 3480 uotis
829 3441 895 3495 esse,
918 3432 1001 3480 3111.
1016 3427 1166 3494 probatum
1178 3429 1297 3496 popule.

119 3496 187 3562 dem
219 3497 276 3567 vgl.
305 3497 392 3552 nir.
421 3499 425 3564 ι
459 3496 532 3552 eL.
559 3496 681 3565 Peme,
735 3495 932 3564 En-Seyffere
967 3502 982 3562 1
1012 3503 1061 3550 173
1089 3498 1123 3552 A.
1153 3503 1178 3553 r.
1215 3500 1219 3564 Ι
1260 3504 1296 3552 21

120 3566 374 3637 Sehwisgervaters
393 3566 441 3622 des
462 3564 571 3634 Caesar,
590 3583 681 3637 gagen
729 3569 895 3637 priusquam
917 3568 1036 3636 incipio,
1065 3573 1079 3621 1
1104 3572 1296 3637 autequam..

119 3637 174 3692 den
193 3637 303 3693 Ciceros
322 3637 585 3694 leidensehaftliehe
603 3638 681 3693 Reda
734 3639 838 3705 dicam,
866 3639 916 3693 der
937 3637 1077 3693 Indieetiv
1103 3638 1142 3693 ist
1165 3638 1298 3708 seltener,

118 3707 149 3762 in
166 3708 223 3763 Pis.
242 3708 382 3778 geriehtet
399 3708 449 3775 ist;
473 3709 611 3774 debuerat
629 3724 680 3777 pro
734 3709 807 3765 doeh
825 3728 847 3763 r.
862 3710 893 3766 B.
913 3710 986 3764 aueh
1002 3728 1031 3778 p.
1050 3708 1109 3763 Mil.
1126 3716 1141 3763 7
1160 3711 1207 3764 red
1220 3715 1297 3765 1111·

117 3779 188 3834 Mur.
208 3784 251 3835 51.
269 3781 273 3850 Ι
290 3786 324 3834 13
343 3785 375 3834 ut
392 3796 444 3848 seq.
459 3796 554 3849 prop:
582 3795 679 3850 prope·
734 3796 816 3849 quam
835 3782 873 3836 ad
890 3797 949 3835 eam
967 3782 1297 3846 ονα111111111111.123

117 3865 182 3903 rure
208 3849 314 3919 regiert
340 3851 437 3920 htufig
469 3852 523 3906 den
550 3851 599 3906 inf.
627 3849 681 3904 mit
733 3852 868 3906 manullo
886 3851 986 3919 officio,
1002 3852 1113 3921 ‘wegen
1127 3850 1203 3906 eines
1216 3850 1299 3906 nieht

118 3920 237 3975 anderer
251 3920 424 3991 Auffassuug
441 3921 490 3977 des
503 3921 679 3977 (ledankens.
733 3922 869 3992 geringen
890 3923 1032 3977 Dienstes’
1057 3923 1125 4003 (vgl.
1148 3928 1165 3976 2
1189 3927 1204 3987 5
1222 3927 1258 3976 20
1277 3923 1296 3976 i.

120 3990 124 4062 Ι
152 3996 186 4046 14
211 4007 267 4046 noa
294 3997 339 4062 at,
381 3993 428 4048 esd
454 3998 486 4046 ut
518 3995 583 4064 eagt
614 4008 681 4046 man
733 3995 789 4062 A.),
813 3992 879 4048 weil
896 4009 926 4048 er
943 3993 992 4047 ihu
1012 3993 1136 4048 ndmheh
1154 3993 1227 4047 naeh
1246 3993 1298 4047 der

118 4064 196 4131 stets,
214 4063 268 4118 wie
286 4079 344 4118 uun
361 4064 418 4133 qui,
440 4064 487 4118 sed
504 4066 567 4133 φής
595 4064 677 4133 dage·
733 4063 946 4132 pharsalischen
960 4064 1093 4119 Sehlaeht
1106 4063 1297 4132 unangefoeh-

118 4150 210 4202 gegen
230 4133 297 4203 (viel
316 4134 445 4202 seltener,
463 4132 546 4190 Catil.
566 4141 581 4189 1
602 4141 617 4201 ς
637 4141 680 4190 23.
733 4136 783 4188 ten
796 4133 871 4191 uaeh
883 4133 985 4190 Italien
998 4134 1207 4190 zurdckkehren
1220 4133 1296 4189 liess.

119 4206 164 4271 27)
178 4209 281 4259 atnoe
296 4207 398 4272 ..,sed.
415 4207 420 4273 Ι
437 4207 616 4260 1111111111
628 4206 680 4259 fin-
736 4204 740 4275 1
761 4221 864 4273 semper
881 4222 953 4274 prae
975 4222 1016 4259 me
1038 4206 1104 4259 tali:
1128 4205 1298 4269 211111αά

118 4274 167 4328 det
181 4274 241 4328 sieh
255 4275 334 4330 nieht
347 4293 399 4346 ger
412 4276 503 4331 selten
515 4274 562 4330 fur
573 4276 623 4331 das
633 4293 680 4346 ge-
734 4276 838 4344 ipsun,
865 4277 938 4345 quod
965 4291 1166 4342 eemueemorae,
1193 4291 1298 4343 seraper

118 4344 278 4401 wdhnliehe
290 4363 375 4417 neque
389 4348 468 4402 euim.
488 4346 680 4417 21443311.
729 4362 801 4416 prae
817 4363 859 4402 me
876 4348 937 4402 teli.
959 4350 963 4416 Ι
984 4353 1020 4401 24
1037 4347 1159 4402 hesterno
1177 4347 1222 4402 die
1236 4363 1298 4400 war
