2812 4776
161 218 204 283 80
550 216 588 270 M.
607 214 731 270 Tunnss
751 213 943 270 CICERONIS

160 381 206 444 eis
234 401 286 443 me
314 383 347 443 et
375 378 517 461 quidem,
544 382 582 441 ut
604 376 736 460 videris,
762 377 876 441 iratus.
921 398 963 440 ne
989 379 1027 440 tu¹
1053 376 1119 439 iam
1147 397 1274 439 mecum
1303 375 1340 440 in

161 467 301 552 gratiam
323 467 444 549 redeas,
468 466 496 530 si
520 465 603 530 scias
627 487 725 550 quam
744 485 795 528 me
813 465 934 549 pudeat
951 464 1117 548 nequitiae
1136 467 1221 539 tuae,
1246 464 1339 528 cuius

160 563 193 620 te
226 555 333 638 ipsum
365 576 431 619 non
463 554 575 637 pudet:
613 575 652 616 ex
684 554 829 618 omnium
861 553 1010 617 omnibus
1042 552 1177 637 flagitiis
1209 552 1340 616 nullum

161 644 288 726 turpius
312 643 390 721 vidi,
418 643 543 706 nullum
568 641 690 706 audivi:
719 642 775 726 qui
801 642 959 725 magister
982 641 1127 724 equitum
1149 640 1250 706 fuisse
1274 640 1339 704 tibi

15 733 55 747 ‘⁴
160 731 318 815 viderere,
345 731 380 794 in
407 731 591 814 proximum
619 751 739 794 annum
767 730 973 794 consulatum
999 733 1127 812 peteres
1150 728 1203 794 vel
1225 729 1338 811 potius
1365 745 1378 785 5

160 840 307 903 rogares,
339 841 397 902 per
426 819 604 902 municipia
635 818 843 901 coloniasque
872 815 1011 901 Galliae,
1044 839 1061 881 e
1090 839 1153 901 qua
1178 839 1239 881 nos
1267 820 1340 881 tum

161 930 233 972 cum
257 908 445 972 consulatus
468 907 652 992 petebatur,
679 928 746 972 non
773 907 966 988 rogabatur,
993 910 1103 989 petere
1131 906 1339 970 consulatum

161 996 357 1079 solebamus,
385 1017 458 1059 cum
483 994 617 1060 Gallicis
644 998 678 1058 et
699 995 831 1058 lacerna
854 994 1032 1059 cucurristi.
1077 998 1112 1058 at
1134 993 1240 1058 videte
1262 993 1340 1058 levi-

160 1089 263 1148 tatem
284 1083 449 1148 'hominis:
482 1105 555 1147 cum
586 1082 668 1147 hora
699 1082 764 1146 diei
796 1081 921 1146 dccima
951 1082 1019 1146 fere
1052 1083 1092 1147 ad
1121 1081 1206 1147 Saxa
1237 1083 1339 1146 rubra

160 1173 312 1255 venisset,
334 1172 465 1235 delituit
486 1171 520 1234 in
544 1171 684 1255 quadam
707 1171 889 1254 cauponula
917 1173 1014 1254 atque
1041 1171 1087 1235 ibi
1111 1192 1145 1234 se
1168 1170 1338 1234 occultans
1353 1187 1377 1226 1⁰

160 1260 345 1344 perpotavit
364 1259 405 1324 ad
423 1281 605 1343 vesperam,
625 1258 699 1323 inde
718 1259 797 1324 cisio
818 1258 965 1323 celeriter
983 1259 1024 1323 ad
1042 1260 1156 1323 urbem
1175 1258 1339 1342 advectus,

161 1349 291 1412 domum
318 1348 408 1412 venit
435 1348 542 1431 capite
571 1349 736 1413 obvoluto.
781 1347 917 1411 ianitor:
952 1346 1034 1430 ‘quis
1062 1345 1132 1411 tul’
1166 1345 1198 1411 ‘a
1224 1344 1338 1410 Marco

156 1435 369 1501 tabellarius?
415 1436 587 1501 confestim
619 1437 659 1500 ad
692 1457 778 1518 eam,
814 1436 903 1500 ouius
937 1457 1034 1499 causa
1065 1438 1212 1519 venerat,
1245 1435 1339 1518 eique

162 1524 335 1606 epistulam
358 1525 502 1589 tradidit.
547 1547 645 1608 quam
667 1546 740 1588 cum
762 1525 819 1588 illa
842 1525 964 1608 legeret
986 1523 1067 1588 flens
1091 1559 1134 1571 -
1158 1527 1228 1588 erat
1251 1524 1339 1587 enim

128 1617 132 1626 '
161 1613 281 1695 scripta
305 1612 475 1696 amatorie,
506 1617 604 1696 caput
631 1616 740 1678 autem
767 1612 959 1696 litterarum,
982 1612 1046 1676 sibi
1069 1633 1142 1676 cum
1160 1613 1218 1676 illa
1236 1611 1339 1675 mima
1352 1627 1376 1670 1⁵

160 1699 298 1784 posthac
316 1700 400 1765 nihil
418 1700 574 1785 futurum,
597 1723 725 1766 omnem
744 1722 778 1764 se
798 1721 941 1765 amorem
961 1700 1117 1765 abiecisse
1134 1701 1220 1764 illim
1239 1702 1338 1784 atque

107 962 148 1028 31

117 1055 149 1102 rr

160 1789 195 1852 in
218 1788 302 1853 hanc
325 1789 539 1854 transfudisse
561 1826 599 1835 —
621 1811 693 1854 cum
716 1788 832 1853 mulier
850 1788 943 1852 fleret
960 1789 1102 1872 uberius,
1123 1788 1223 1853 homo
1242 1789 1338 1852 mise·

160 1877 261 1942 ricors
289 1876 373 1941 ferre
400 1883 483 1941 non'
495 1878 615 1961 potuit,
644 1881 741 1961 caput
765 1877 904 1961 aperuit,
931 1876 967 1940 in
995 1876 1115 1941 collum
1141 1876 1271 1942 invasit.
1317 1897 1336 1940 o

160 1964 327 2029 hominem
344 1967 498 2048 nequam!
522 1966 599 2050 quid
618 1965 704 2029 enim
723 1964 810 2029 aliud
828 1964 955 2029 dicam?
981 1966 1085 2049 magis
1104 1966 1236 2048 proprie
1254 1963 1337 2028 nihil

160 2074 294 2135 possum
322 2053 436 2117 dicere.
486 2073 564 2138 ergo
599 2056 637 2118 ut
668 2057 701 2117 te
730 2051 944 2135 Catamitum,
976 2053 1169 2137 necopinato
1203 2075 1276 2120 cum
1304 2055 1375 2118 aa

161 2141 368 2224 ostendisses,
390 2145 519 2223 praeter
543 2163 634 2224 spem
656 2141 773 2205 mulier
796 2141 969 2224 aspiceret,
992 2140 1113 2206 idcirco
1136 2142 1250 2206 urbem
1272 2145 1337 2206 ter·

160 2249 232 2292 rore
264 2231 436 2307 nocturno,
469 2228 601 2293 Italiam
632 2229 810 2293 multorum
841 2229 965 2293 dierum
998 2234 1087 2295 metu
1116 2229 1337 2314 perturbasti?

159 2525 327 2580 animabatur.
345 2524 349 2594 l
367 2530 426 2578 lat
443 2527 554 2593 videras,
573 2526 623 2581 wir
637 2543 723 2596 sagen
776 2527 913 2581 Verbums
933 2526 1035 2580 driickt
1053 2526 1102 2580 das
1120 2523 1337 2594 unvemfigliehe

162 2596 227 2650 ‘wie
251 2612 280 2649 es
305 2595 433 2650 scheint'.
460 2599 464 2666 l
494 2613 540 2663 ae,
563 2616 597 2650 zu
621 2603 644 2650 3.
670 2601 675 2662 l
705 2603 720 2650 2
776 2599 855 2665 anal
873 2602 905 2651 15
925 2597 1084 2665 caputlitt„
1103 2595 1338 2650 waesonstmei-

160 2665 398 2791 {lomus
416 2667 722 2806 ,uocaus
775 2666 1336 2793 aas.arabartum*

160 2807 243 2861 aibas
260 2809 298 2874 sl,
316 2824 350 2859 zu
369 2812 403 2860 83
417 2807 462 2873 Ε.;
482 2824 509 2876 p.
525 2807 599 2862 Cael.
617 2814 650 2860 14
668 2824 722 2861 om·
775 2806 813 2862 ist
831 2811 899 2862 aber
913 2807 987 2861 wohl
1006 2807 1056 2863 der
1070 2807 1263 2862 Deutlichlreit
1280 2755 1339 2862 wil

160 2893 207 2930 aes
225 2876 350 2930 omnibus
374 2892 408 2930 ex
431 2879 511 2931 terris
534 2878 654 2932 homines
671 2880 722 2932 im·
775 2894 830 2947 gen
859 2897 893 2932 zu
918 2883 1003 2946 ceput
1030 2879 1114 2946 (nach
1132 2880 1221 2947 capite
1239 2879 1337 2949 obeol.)

156 2947 265 3019 probos.
287 2965 314 3017 p.
330 2945 389 3001 Mil.
405 2954 448 3001 33.
465 2950 469 3015 Ι
495 2955 511 3003 6
530 2964 641 3017 repares
655 2947 723 3004 Cas·
776 2951 925 3032 augesetzt.
943 2950 947 3017 Ι
965 2954 998 3003 16
1012 2950 1097 3003 illim:
1115 2955 1207 3014 4512
1225 2950 1252 3003 si
1265 2951 1337 3032 euim

161 3017 722 3158 llttl’alihlvthffltlgeattans
776 3020 1046 3158 llhl.b⁰i¹0¹?a.⁶ta
1060 3019 1337 3145 tartara

159 3178 223 3213 zum
242 3159 375 3214 Consulat
393 3161 563 3229 empfahlen.
775 3162 939 3227 aaadriam,
961 3178 1037 3215 acac
1059 3161 1242 3230 coynoscimus
1264 3162 1338 3214 illim

117 3236 149 3285 77
199 3236 214 3284 8
242 3235 284 3295 at,
308 3247 343 3282 zu
366 3247 389 3286 o.
409 3237 426 3284 4
448 3231 466 3287 i.
486 3230 519 3287 A.
546 3232 550 3298 Ι
579 3237 594 3285 9
618 3232 722 3286 mama
776 3246 866 3285 omnes
891 3233 1072 3300 moesticiam
1103 3231 1184 3293 duim,
1212 3231 1337 3298 inquam,

160 3301 225 3367 fere,
244 3300 346 3353 ebenso
366 3300 505 3370 circitanl
529 3302 608 3356 Saxa
626 3303 721 3368 rubro,
776 3317 865 3356 omues
882 3302 1029 3368 fallaciam·
1051 3301 1144 3353 omnia
1166 3299 1281 3367 mique
1302 3304 1337 3356 ab

161 3371 212 3424 Ort
225 3368 403 3437 inEtrurien,
418 3370 480 3426 eine
495 3371 629 3426 deutsche
638 3372 722 3426 Maile
776 3373 814 3426 a‘s
831 3373 975 3426 mimorum
998 3374 1159 3438 arpameuta
1183 3375 1252 3424 ueta
1270 3378 1337 3427 aaut

161 3457 217 3494 von
236 3440 320 3508 Rom,
345 3438 456 3495 Station
480 3441 531 3495 der
553 3442 601 3496 via
619 3441 722 3496 Flami·
776 3442 845 3510 (das.
864 3441 967 3509 Halm).
997 3440 1181 3506 transfudisse
1195 3464 1229 3485 =
1244 3444 1337 3496 trans-

160 3511 221 3577 nia‚
249 3526 304 3565 von
326 3510 420 3564 seinen
444 3511 545 3566 rothen
571 3511 722 3567 Tufffelsen
776 3511 880 3567 tulisse.
911 3515 915 3581 Ι
946 3517 978 3565 17
1004 3527 1066 3565 cum
1092 3513 1167 3579 fleret
1192 3512 1237 3565 ab.
1263 3514 1337 3567 nach

161 3582 372 3716 btdetatnll
389 3583 651 3707 &ahda
659 3583 722 3708 ut
776 3599 936 3720 W
953 3583 1171 3707 balaam
1195 3600 1272 3691 a,
1287 3590 1339 3709 db

160 3724 211 3777 aab
229 3693 261 3776 ia
278 3670 452 3792 respirabit
475 3725 555 3789 maio,
578 3722 607 3777 in
630 3671 721 3778 eindm
775 3694 847 3777 enim
866 3724 946 3778 eliud
963 3722 1085 3789 dicam&
1104 3670 1338 3779 ebgnbbmadilit.

161 3793 286 3847 leichten
313 3792 513 3863 zweiradrigen
540 3794 662 3864 wagan,
694 3813 720 3862 p.
778 3799 824 3860 15,
849 3799 895 3861 13,
921 3800 945 3849 3,
971 3795 976 3861 l
1002 3800 1034 3849 19
1057 3795 1146 3863 mcpis
1164 3795 1279 3862 proprie
1303 3826 1337 3834 -

160 3864 262 3919 Roscio
274 3868 315 3916 19.
333 3866 337 3931 l
354 3869 387 3917 12
407 3866 616 3933 capobvolato,
634 3865 722 3918 durch
776 3865 872 3930 dicere,
892 3870 905 3917 1
926 3869 941 3929 ὅ
962 3871 994 3919 18
1013 3865 1032 3920 i.
1051 3864 1105 3933 Α.Ι
1130 3870 1164 3918 20
1184 3863 1338 3920 Catamitus

161 3934 206 3989 die
230 3950 267 3987 an
290 3932 340 3987 der
362 3934 475 3990 lacerna
500 3936 649 4006 befestigte
667 3935 722 3990 Ka·
776 3935 829 3988 soll
839 3951 889 3988 aus
900 3933 1075 4004 Ganymedes
1088 3935 1255 4004 corrumpirt
1264 3935 1337 4003 sein;

160 4008 239 4075 pune,
251 4004 389 4072 cucullum
405 4004 479 4060 Guhl
488 4025 514 4062 u.
522 4007 615 4062 Koner
624 4025 651 4076 p.
661 4012 719 4061 612.
775 4005 836 4059 hier
863 4006 996 4061 bedeutet
1019 4023 1048 4062 es
1071 4005 1232 4074 iiberhaupt
1256 4007 1338 4061 Lfist·

162 4077 167 4148 l
188 4095 206 4131 a
226 4076 340 4141 Marco,
362 4075 502 4132 familiare
525 4077 722 4147 Bezeichnung
774 4076 842 4145 ling.
859 4078 863 4146 Ι
880 4083 912 4130 21
924 4082 1034 4144 terrore,
1044 4081 1124 4142 metra
1134 4093 1184 4130 vor
1199 4075 1339 4145 etwaigen

160 4148 210 4202 des
228 4146 391 4202 Hausherrn
418 4148 505 4201 durch
533 4149 588 4202 den
611 4149 722 4203 blossen
775 4146 814 4201 im
832 4147 952 4217 Austrag
971 4146 1087 4203 Caesam
1112 4166 1146 4200 zu
1170 4147 1339 4202 vollriehen-

161 4219 328 4273 Vomamen.
355 4219 359 4285 Ι
386 4224 418 4272 13
438 4219 577 4285 confestim
603 4220 641 4274 ad
663 4236 721 4274 eam
776 4218 829 4272 den
841 4218 1133 4289 Gewaltmassregeln,
1152 4233 1189 4271 an
1207 4217 1252 4272 die
1271 4235 1339 4272 man

161 4289 288 4356 (uxorem
316 4288 467 4356 Fulviam:
499 4288 545 4342 die
577 4289 627 4343 der
652 4289 720 4344 Um·
775 4291 878 4357 gerade
892 4306 991 4360 wegen
1005 4290 1054 4344 der
1069 4288 1271 4344 Heimlichkeit
1284 4288 1339 4344 sei·

158 4359 367 4428 gangssprache
386 4359 530 4414 entlehnta
546 4359 653 4430 Ellipse
672 4361 720 4416 des
774 4376 824 4415 ner
842 4361 924 4416 Reise
943 4361 1052 4417 dachte.
