2812 4776
136 230 178 294 66
525 228 562 283 u.
583 226 704 281 runnu
723 225 916 283 cressonis

135 392 204 457 sine
236 392 310 474 lege
342 390 382 455 ad
409 389 581 455 Caesarem
614 389 792 454 cucurristi.
842 389 875 452 id
903 389 990 454 enim
1017 410 1118 452 unum
1150 387 1187 452 in
1219 388 1323 453 terris

136 480 306 566 egestatis,
330 479 412 544 aeris
437 479 548 563 alieni,
575 478 739 561 nequitiae
762 477 898 561 perditis
921 477 1008 542 vitae
1030 476 1219 541 rationibus
1245 498 1322 560 per·

135 569 263 652 fugium
287 589 356 631 esse
379 567 528 633 ducebas.
568 567 614 631 ibi
632 569 666 630 te
686 589 759 630 cunr
779 570 811 631 et
829 567 917 630 illius
940 565 1172 651 largitionibus
1194 567 1232 629 et
1251 565 1322 631 tuis

135 656 259 739 rapinis
284 656 496 739 explevisses,
530 656 556 718 si
582 655 645 719 hoc
672 658 723 718 est
750 655 892 738 explere,
923 654 1050 718 haurire
1077 653 1163 738 quod
1199 654 1323 718 statim

136 744 293 828 effundas,
318 744 478 809 advolasti
501 763 598 828 egens
623 743 664 807 ad
686 743 901 826 tribunatum,
925 746 962 807 ut
984 743 1019 807 in
1042 763 1080 807 eo
1103 741 1346 827 magistratus

136 834 165 897 si
186 845 311 916 posses,
334 833 397 897 viri
420 833 468 896 tui
493 832 610 896 similis
633 853 729 895 esses.

82 923 123 986 21
225 920 373 1006 Accipite
395 942 494 1004 nunc,
517 940 649 1004 quaeso,
671 936 738 984 non
762 940 813 1002 ea,
840 941 923 1002 quae
944 919 1015 1002 ipse
1038 920 1074 984 in
1096 941 1134 983 se
1155 922 1262 1003 atque
1286 919 1323 984 in

136 1010 349 1075 domesticum
373 1008 468 1072 decus
496 1009 622 1092 impure
650 1011 683 1071 ct
710 1008 973 1091 intemperanter,
1001 1008 1057 1072 sed
1079 1027 1162 1090 quae
1194 1007 1235 1072 in
1257 1028 1322 1072 nos

135 1098 347 1180 fortunasque
370 1100 509 1180 nostras,
531 1096 563 1160 id
587 1099 638 1160 est
660 1099 695 1159 in
717 1096 902 1161 universam
924 1118 993 1160 rem
1012 1095 1187 1179 publicam,
1214 1097 1322 1181 impie

137 1208 174 1251 ae
200 1185 324 1250 nefarie
355 1184 481 1249 fecerit:
513 1184 554 1248 ab
582 1185 678 1248 huius
712 1185 797 1249 enim
831 1183 950 1249 scelere
978 1185 1122 1249 omnium
1150 1185 1322 1249 malorum
1335 1200 1354 1240 ιι

83 1295 116 1344 51
134 1274 332 1357 principium
353 1277 467 1337 natum
489 1273 667 1357 reperietis.
712 1295 789 1338 nam
808 1293 880 1337 eum
898 1271 934 1336 L.
948 1271 1086 1337 Lentulo
1106 1269 1141 1336 O.
1155 1271 1321 1338 Marcello

136 1362 323 1427 consulibus
337 1361 493 1426 Kalendis
507 1360 667 1426 Ianuariis
690 1360 855 1426 labentem
879 1365 913 1425 et
934 1382 1036 1445 prope
1054 1360 1232 1426 cadentem
1250 1382 1322 1426 rem

135 1451 299 1534 publicam
322 1449 438 1512 fulcire
462 1450 635 1533 cuperetis,
662 1450 790 1533 ipsique
814 1447 848 1514 O.
867 1447 1012 1532 Caesari,
1042 1449 1071 1512 si
1094 1470 1176 1513 sana
1206 1454 1321 1514 mente

136 1541 236 1621 esset,
267 1536 434 1602 consulere
462 1537 602 1621 velletis,
631 1541 701 1602 turn
728 1538 791 1601 iste
814 1537 980 1602 venditum
1008 1540 1106 1620 atque
1128 1539 1321 1622 emancipa-

135 1630 207 1691 tum
229 1626 431 1693 tribunatum
455 1626 599 1690 consiliis
627 1627 744 1691 vestris
772 1625 925 1709 opposuit
955 1625 1158 1709 cervicesque
1182 1648 1266 1692 suas
1291 1627 1353 1692 eiu

137 1714 276 1779 subiecit
303 1713 420 1797 securi,
452 1736 515 1798 qua
541 1714 637 1779 multi
667 1714 846 1779 minoribus
878 1715 913 1778 in
944 1713 1086 1797 peccatis
1114 1713 1321 1780 occiderunt.

136 1803 171 1866 in
193 1806 239 1886 te,
271 1800 314 1866 M.
332 1801 472 1885 Antoni,
502 1802 537 1866 id
564 1803 707 1868 decrevit
739 1807 871 1867 senatus
903 1805 936 1866 et
968 1802 1096 1886 quidem
1127 1801 1321 1888 incolumis,

135 1891 279 1955 nondum
301 1893 353 1954 tot
375 1891 551 1955 luminibus
574 1891 752 1976 exstinctis,
775 1890 860 1974 quod
883 1891 917 1954 in
936 1890 1065 1955 hostem
1084 1893 1242 1975 togatum
1266 1892 1321 1956 de·

136 1979 225 2043 cerni
258 1983 308 2042 est
340 1979 473 2043 solitum
505 2000 594 2044 more
626 1980 795 2044 maiorum.
846 1981 879 2041 et
906 1982 941 2042 tu
975 1979 1060 2062 apud
1091 1981 1208 2061 patres
1242 2002 1320 2045 eon·

135 2066 275 2150 scriptos
300 2070 411 2131 contra
434 2089 486 2130 me
510 2068 614 2131 dicere
643 2089 739 2133 ausus
767 2089 815 2151 es,
847 2088 921 2130 oum
949 2067 990 2131 ab
1016 2067 1079 2131 hoe
1108 2066 1227 2133 ordine
1256 2083 1352 2154 egos

137 2158 345 2219 conservator
372 2175 490 2238 essem,
518 2155 681 2219 tuhostis
704 2154 922 2239 reipublicae
949 2154 1133 2220 iudicatus?
1172 2177 1320 2223 comme·

137 2243 277 2307 moratio
299 2241 387 2306 illius
410 2243 460 2306 tui
484 2243 614 2308 sceleris
637 2243 823 2308 intermissa
846 2246 909 2326 est,
930 2264 997 2307 non
1018 2244 1179 2308 memoria
1199 2244 1321 2311 deleta

136 2397 282 2452 beschluss
296 2398 478 2467 zugewiesen.
495 2399 500 2470 Ι
516 2400 698 2467 2ριιά.ι>ι“ιαε
751 2398 880 2470 angeben
913 2399 986 2453 nach
1018 2399 1073 2453 den
1105 2398 1322 2456 Oonsulnsrnen

136 2469 306 2536 rationibus,
334 2467 381 2523 bei
404 2468 504 2524 deinen
528 2471 698 2526 zerrfitteten
752 2470 820 2538 (und
843 2471 916 2524 auch
943 2471 1019 2524 sonst
1045 2468 1125 2523 nieht
1152 2470 1249 2526 selten
1272 2471 1321 2528 bei

137 2539 357 2594 Verbaltnissen.
374 2543 378 2607 1
395 2545 412 2592 4
426 2545 464 2594 eet
477 2542 557 2609 ampl,
571 2543 698 2596 haurire:
751 2542 802 2596 der
814 2541 994 2610 Erwthnung
1011 2540 1086 2594 eines
1096 2540 1320 2611 Consulpaares)

137 2610 201 2665 sehr
211 2611 324 2680 elegant
337 2611 497 2666 vermuthet
506 2611 698 2666 Hirschfelder
751 2611 851 2666 stehen
873 2611 949 2665 diese
972 2609 1158 2680 regelmltssig
1181 2611 1262 2668 ohne
1286 2618 1322 2681 et,

138 2681 220 2734 daftir
237 2682 263 2734 si
280 2682 329 2734 boc
347 2683 481 2749 expleam,
499 2684 579 2750 quod.
596 2687 601 2752 Ι
617 2688 633 2736 5
648 2683 697 2737 aa·
751 2699 833 2736 wenn
851 2681 1063 2736 dieVornamen
1081 2684 1232 2751 zugesetzt
1245 2684 1320 2740 sind.

137 2752 236 2805 velasti
255 2792 280 2806 ..
300 2752 338 2804 ad
360 2753 438 2820 trib,
464 2752 516 2805 wie
541 2753 586 2806 ein
605 2754 697 2807 Raab·
754 2752 802 2824 112
813 2752 943 2807 labentem
953 2758 978 2805 et
985 2768 1071 2820 prope
1080 2753 1320 2822 cacememfflms

137 2821 222 2889 vogel
248 2839 312 2873 zum
335 2822 430 2887 Frass,
461 2839 488 2890 p.
509 2822 579 2875 Soet.
600 2829 634 2877 54
659 2825 697 2878 aa
751 2824 912 2892 185qae'bas
921 2823 1175 2877 aitiismatcr..ia
1184 2825 1321 2880 bislaba·

137 2908 225 2945 mama
237 2893 400 2960 sanquinem
413 2892 596 2946 hauriendam
610 2934 631 2946 ..
647 2894 697 2948 ad·
750 2899 797 2947 tm
807 2899 856 2947 cat
865 2892 966 2964 cadatl
980 2899 1014 2946 14
1023 2893 1100 2948 amad.
1110 2898 1194 2963 atque
1203 2911 1321 2964 anama,

137 2963 304 3016 celaverant.
321 2965 325 3028 Ι
343 2969 358 3016 6
376 2963 433 3016 oiri
451 2964 507 3016 tal:
531 2964 595 3017 dem
614 2964 696 3018 Curio
750 2963 1320 3045 P·⁶⁷=1⁰·l15lllb·‘⁰l’l'⁰⁸·›d¹1f⁰h⁸0i¹¹⁰

138 3034 164 3099 (ξ
178 3039 213 3086 44
226 3032 284 3101 El,
313 3033 363 3086 der
389 3039 423 3087 50
451 3034 493 3087 als
521 3034 628 3088 Tribun
654 3035 699 3088 fiir
751 3033 952 3098 u.Q.Cassius’
966 3035 1109 3104 Longinus
1127 3034 1321 3095 Intercession

139 3102 241 3158 Caesar
259 3103 368 3160 wirkte.
390 3106 395 3173 1
419 3111 433 3158 7
452 3120 509 3158 aaa
527 3121 559 3159 ea
576 3122 646 3174 qaae
664 3136 697 3145 -
772 3122 842 3176 egen
857 3106 912 3160 den
921 3104 1173 3173 Senatsbeschluss,
1194 3106 1249 3162 der
1264 3108 1320 3164 den

137 3176 184 3229 sed
201 3191 284 3243 qaae:
302 3175 352 3228 das
370 3191 402 3229 ea
420 3177 526 3230 musste
544 3177 617 3230 nach
634 3177 697 3230 dem
751 3124 854 3231 {assor
875 3176 920 3230 ftir
939 3176 1020 3230 einen
1038 3175 1126 3229 Feind
1149 3177 1200 3230 des
1221 3176 1321 3234 Stante

138 3245 282 3313 sonstigen
310 3245 559 3315 Sprachgebrauch
587 3246 697 3302 Ciceros
752 3247 888 3316 erklarte,
915 3263 996 3300 wenn
1019 3262 1049 3300 er
1072 3246 1121 3300 das
1140 3246 1220 3301 Heer
1237 3249 1321 3304 nieht

137 3315 239 3368 fehlen.
257 3317 294 3383 19
313 3317 344 3368 ia
362 3317 461 3369 estia:
480 3317 697 3386 Muret(†1585)
752 3318 881 3371 entlasse.
907 3321 911 3384 Ι
934 3319 960 3371 ea‘
981 3318 1095 3371 subiecit
1116 3319 1224 3385 secari,
1252 3320 1320 3375 dem

137 3384 233 3438 wollte
247 3385 279 3437 ia
294 3384 447 3452 streichen;
465 3387 696 3459 s.70.1§18E.l
751 3388 791 3441 im
808 3388 970 3456 Folgenden
989 3386 1189 3442 bezeichneten
1203 3388 1321 3447 senem

137 3456 221 3523 impie
248 3471 281 3509 ae
305 3455 425 3521 nefarie,
456 3455 486 3508 in
505 3456 582 3511 Verr.
608 3463 622 3510 1
647 3465 696 3523 §6
750 3458 1321 3529 besohlussdeatcperamceasales,prae

137 3527 226 3580 malta
239 3531 265 3580 et
277 3526 309 3579 ia
323 3527 385 3580 dees
399 3527 469 3580 etia
482 3527 601 3581 homines
614 3530 698 3596 impie
750 3534 833 3594 tores,
861 3533 896 3580 tr.
911 3530 952 3596 pl.
976 3530 1076 3597 quique
1093 3544 1149 3597 pro
1171 3544 1241 3586 coss.
1261 3533 1321 3587 sint

137 3598 295 3665 nefarieque
304 3597 443 3652 commisit.
457 3596 696 3667 Phil.4§9qaam·
751 3600 789 3653 cd
806 3600 907 3663 mbem,
925 3615 960 3652 ae
977 3601 1045 3668 qaid
1058 3615 1142 3668 resp.
1157 3600 1321 3659 masmana

137 3669 180 3721 cis
198 3669 279 3735 impii
296 3668 452 3736 nefariique
469 3669 541 3731 siam
559 3687 592 3722 au
610 3687 638 3738 p.
653 3676 697 3737 30,
750 3671 854 3738 capiat,
874 3669 950 3724 (lass.
964 3671 991 3724 b.
1007 3687 1029 3725 o.
1050 3676 1073 3736 1,
1088 3674 1113 3736 ὅ,
1128 3675 1153 3723 3.
1170 3671 1175 3738 l
1193 3676 1231 3726 16
1249 3675 1320 3729 mma

140 3743 181 3790 12.
208 3740 212 3805 l
239 3744 271 3791 11
289 3740 461 3807 principiam
484 3744 594 3808 matam,
619 3741 697 3808 pleo-
750 3741 783 3794 ia
798 3756 885 3808 pecc:
912 3757 960 3793 um
983 3739 1153 3795 Resoluticn
1177 3741 1322 3801 handelts

137 3807 271 3875 nastisch,
290 3809 342 3863 wie
361 3810 443 3865 Tusa.
460 3817 473 3864 1
489 3814 531 3875 §8
550 3811 592 3864 ila
605 3826 697 3864 masce-
751 3828 780 3865 es
804 3810 863 3864 sich
887 3812 970 3879 stets,
1003 3811 1070 3864 aber
1093 3811 1143 3864 der
1162 3810 1246 3868 Grad
1271 3815 1322 3871 der

138 3880 361 3945 rememoratum
389 3879 465 3935 Caes.
485 3882 511 3936 b.
531 3897 554 3934 c.
573 3887 599 3947 3,
619 3887 661 3949 20,
681 3887 695 3935 1
750 3881 972 3950 Versehuldung,
987 3879 1151 3947 meintOio,
1171 3882 1321 3942 eeihbher

138 3950 252 4004 initiam
270 3955 440 4016 messmam·
459 3957 483 4019 1,
499 3956 566 4021 35,1
585 3953 698 4006 talliam
749 3952 797 4006 bei
816 3952 880 4005 Ant.
901 3953 943 4006 als
962 3951 1008 4006 bei
1026 3953 1081 4005 den
1098 3951 1245 4012 frtiheren.
1263 3959 1269 4026 Ι
1287 3962 1321 4013 1¹1

139 4021 248 4075 oriatur
265 4037 293 4073 u.
312 4025 337 4076 ὃ.
751 4023 783 4076 ia
800 4027 839 4076 te:
867 4021 945 4076 Caes.
964 4023 990 4075 b.
1010 4039 1033 4079 c.
1054 4030 1078 4090 1,
1094 4027 1118 4089 5,
1134 4028 1151 4075 4
1170 4028 1197 4076 et
1216 4026 1252 4081 ele
1270 4028 1323 4083 ιἰιι-

85 4095 118 4145 51
175 4097 208 4144 11
227 4107 293 4144 acm
318 4106 392 4156 eam,
419 4092 448 4144 in
471 4093 520 4146 der
547 4093 698 4163 folgenden
747 4094 827 4161 perio
842 4093 968 4147 Caesams
986 4099 1011 4146 et
1029 4094 1061 4147 de
1075 4094 1260 4160 amplissimis
1279 4099 1322 4155 υί-

139 4178 267 4231 genauen
281 4161 453 4230 Zeitangabe
471 4161 541 4217 lasst
559 4165 618 4217 sich
635 4164 697 4218 eine
751 4164 800 4230 ris,
818 4165 939 4218 tribunis
952 4165 1005 4232 pl,
1022 4164 1182 4232 pravissime
1198 4170 1322 4225 merea

140 4232 257 4301 gemisse
285 4231 470 4287 absichtliche
497 4233 698 4289 Feierlichlreit
750 4235 866 4303 simeqae
884 4236 1046 4302 decernitur,
1070 4234 1089 4298 ’ς
1109 4239 1125 4287 2
1148 4236 1182 4289 cle
1200 4253 1260 4294 sua
1277 4256 1322 4297 sa·

139 4302 219 4356 nieht
235 4304 402 4358 vertennen.
420 4306 424 4372 Ι
440 4303 558 4358 LLeat.
568 4305 696 4360 &Mara
752 4306 807 4360 late
824 4309 936 4374 septimo
954 4306 998 4359 elie
1017 4306 1135 4374 ospitare
1149 4310 1321 4385 eapaasunj

132 4389 217 4426 cosa:
245 4374 320 4428 Einl.
342 4393 372 4444 p.
393 4380 418 4444 5,
434 4380 467 4430 28
482 4374 509 4430 ff.
552 4373 603 4430 Bei
625 4376 697 4430 Zeit·
752 4381 785 4429 18
805 4377 869 4430 lam.
889 4377 1038 4446 aestimetis,
1057 4381 1090 4429 37
1106 4394 1143 4432 ιιι.
1161 4378 1165 4446 l
1181 4383 1220 4434 22
1240 4382 1324 4438 allius
