2812 4776
113 195 156 260 72
503 195 540 250 Μ.
560 195 684 250 TULLII
703 193 895 250 CICERONIS

112 358 271 442 cipiorum
302 379 370 422 non
400 357 557 442 pudebat,
586 378 627 421 ne
654 357 800 421 veterani
832 355 961 439 quidem
993 353 1174 418 exercitus?
1214 354 1287 437 quis

112 448 200 510 enim
232 447 325 510 miles
358 446 421 510 fuit
450 446 505 530 qui
536 444 704 509 Brundisii
735 445 826 509 illam
857 466 924 509 non
951 442 1091 508 viderit?
1126 441 1198 526 quis
1232 442 1288 525 qui

111 534 263 599 nescierit
285 535 412 598 venisse
436 555 507 598 eam
530 534 593 598 tibi
615 537 667 598 tot
691 532 815 597 dierum
838 533 897 597 iter
919 531 1042 597 obviam
1061 529 1288 616 gratulatum?

113 623 186 706 quis
214 622 268 706 qui
296 644 362 687 non
389 621 565 687 indoluerit
590 625 660 686 tarn
684 642 756 686 sero
780 643 814 685 se
838 642 936 704 quam
958 641 1100 703 nequam
1122 618 1288 683 hominem

68 713 241 775 onsecutus
275 715 361 775 esset
392 708 608 795 cognoscere?
652 709 768 774 Italiae
799 730 911 773 rursus
943 707 1142 791 percursatio
1175 707 1288 770 eadem
1315 722 1330 764 a

114 799 230 864 comite
253 799 366 882 mima,
397 799 432 862 in
455 798 576 882 oppida
598 798 739 862 militum
762 796 899 861 crudelis
923 800 957 861 et
979 797 1099 862 misera
1123 795 1288 877 deducti03

114 887 149 951 in
171 887 251 951 urbe
274 887 354 971 auri,
377 887 506 971 argenti
527 887 730 969 maximeque
752 885 820 949 vlni
843 884 940 949 foeda
962 885 1110 968 direptio.
1152 883 1289 947 accessit

112 978 150 1038 ut
174 972 312 1039 Caesare
334 976 463 1060 ignaro,
486 995 559 1038 cum
582 977 668 1038 esset
690 973 747 1036 ille
770 972 1007 1056 Alexandreae,
1031 971 1187 1037 beneficio
1212 971 1290 1034 ami-

114 1085 225 1128 corum
249 1063 317 1127 eius
341 1063 499 1146 magister
522 1062 667 1146 equitum
692 1061 951 1133 constitueretur.
996 1064 1067 1125 tum
1090 1059 1290 1123 existimavit

115 1174 149 1215 se
180 1173 238 1215 suo
273 1151 341 1214 iure
372 1173 444 1215 cum
473 1150 598 1235 Hippia
627 1151 736 1214 vivere
771 1153 804 1213 et
835 1171 934 1233 equos
964 1145 1142 1232 vectigales
1173 1146 1330 1231 Sergios

114 1239 214 1304 mimo
242 1239 383 1321 tradere3
410 1242 481 1303 turn
510 1238 573 1302 sibi
600 1259 665 1302 non
693 1237 791 1321 hanc,
821 1259 919 1321 quam
946 1259 1032 1302 nuno
1058 1237 1142 1300 male
1170 1239 1289 1317 tuetur,

115 1326 170 1392 sed
193 1326 238 1390 M.
258 1326 386 1391 Pisonis
411 1327 543 1392 domum
565 1326 622 1390 ubi
644 1325 810 1391 habitaret
831 1327 963 1411 legerat
1009 1325 1086 1409 quid
1109 1344 1169 1407 ego
1193 1324 1289 1389 istius

115 1416 261 1498 decreta,
293 1415 369 1499 quid
401 1415 544 1499 rapinas,
576 1414 651 1498 quid
683 1414 902 1479 hereditatum
933 1413 1155 1497 possessiones
1186 1411 1291 1494 datas,

116 1503 192 1587 quid
215 1507 344 1587 ereptas
366 1502 552 1586 proferam?
579 1503 718 1588 cogebat
742 1505 883 1586 egestas,
911 1524 974 1586 quo
999 1523 1032 1566 sc
1055 1503 1198 1566 verteret
1222 1521 1290 1563 non

115 1590 272 1655 habebat:
304 1592 447 1656 nondum
478 1591 508 1656 ei
537 1594 631 1655 tanta
660 1613 680 1654 a
708 1589 743 1654 L.
770 1589 909 1674 Rubrio,
941 1612 1007 1655 non
1037 1611 1057 1653 a
1085 1587 1121 1654 L.
1144 1587 1292 1652 Turselio
1308 1603 1335 1644 15

115 1678 279 1743 hereditas
303 1682 449 1764 venerat,
473 1679 614 1744 nondum
637 1679 672 1743 in
691 1677 748 1743 Cn.
762 1677 899 1762 Pompei
921 1679 1029 1742 locum
1052 1678 1293 1759 multorumque

117 1768 268 1851 aliorum,
298 1768 354 1852 qui
384 1769 533 1849 aberant,
567 1767 756 1850 repentinus
785 1765 879 1831 heres
910 1769 1116 1831 successerat.
1163 1768 1234 1827 erat
1264 1765 1293 1827 ei

116 1855 289 1921 vivendum
311 1858 475 1922 latronum
498 1856 577 1940 ritu,
604 1859 641 1919 ut
663 1858 793 1919 tantum
820 1854 973 1939 haberet,
999 1856 1155 1938 quantum
1178 1871 1293 1935 rapere

116 1944 286 2027 potuisset.

74 2045 107 2094 63
208 2030 270 2096 Sed
292 2033 386 2116 haec,
408 2054 490 2116 qnae
513 2032 707 2097 robustioris
731 2030 952 2115 improbitatis
977 2033 1066 2114 sunt,
1089 2030 1292 2095 omittamus:
1307 2045 1335 2085 2⁰

117 2121 289 2203 loquamur
311 2120 421 2204 potius
444 2120 483 2183 dc
504 2120 704 2203 nequissimo
733 2139 849 2204 genere
876 2119 1035 2183 levitatis:
1065 2122 1102 2182 tu
1125 2119 1198 2183 istis
1221 2117 1292 2181 fau-

119 2208 223 2291 cibus,
245 2207 318 2272 istis
341 2208 514 2291 lateribus,
540 2207 606 2271 ista
629 2207 825 2292 gladiatoria
846 2207 949 2272 totius
972 2207 1115 2290 corporis
1139 2207 1294 2271 firmitate

118 2298 246 2360 tantum
264 2296 333 2360 vini
351 2296 385 2360 in
398 2295 541 2383 Hippiae
559 2296 681 2378 nuptiis
701 2295 905 2380 exhauseras,
923 2299 960 2359 ut
977 2295 1040 2359 tibi
1058 2317 1189 2361 necesse
1208 2297 1295 2359 esset

119 2522 180 2560 zen:
207 2505 257 2559 der
274 2504 448 2574 Municipien
471 2505 513 2559 als
537 2505 681 2560 schenden.
735 2507 800 2574 la}
822 2510 855 2558 13
874 2505 1069 2574 promessionem
1091 2506 1171 2570 dare,
1193 2504 1246 2558 wie
1265 2505 1295 2558 in

122 2575 393 2648 l1ae-q.,1§
414 2582 447 2630 10
486 2576 543 2631 .Ε.
735 2574 937 2644 possessionem
966 2574 1090 2643 mittere,
1120 2575 1295 2631 ‘Erlaubniss

76 2653 110 2701 62
157 2647 335 2714 tdedactio,
366 2647 433 2700 hier»
449 2593 681 2715 Eginquartirung,
735 2663 783 2699 zur
808 2644 1064 2715 Besitzergreifung
1090 2646 1202 2715 geben’.
1228 2650 1232 2713 l
1261 2651 1295 2699 14

120 2716 200 2771 nicht
216 2716 400 2785 Ansiedlung.
430 2719 435 2786 Ι
461 2722 477 2771 7
505 2717 622 2770 manime
639 2732 683 2783 ae,
735 2732 788 2784 quo
815 2747 850 2755 —
877 2717 1005 2783 babebat,
1037 2716 1090 2771 wie
1118 2722 1161 2772 74.
1186 2717 1190 2786 l
1220 2721 1253 2770 15
1277 2734 1297 2770 α

121 2788 199 2870 sonet
214 2787 285 2841 auch
299 2785 425 2866 maxime,
439 2786 533 2842 allein.
550 2789 587 2854 18
626 2803 679 2840 aea.
734 2785 857 2852 Rubrio,
876 2791 912 2840 40
926 2788 957 2841 E.
974 2790 978 2857 Ι
993 2802 1052 2869 nob
1069 2804 1088 2841 c
1105 2787 1139 2842 L.
1157 2787 1296 2842 Turselio.-

120 2856 703 3009 111·,1111111111111’
734 2857 1295 3009 trasimundus?uc:

121 3015 168 3052 em
177 2997 276 3064 Idrme3
291 2996 526 3066 Ansprelungauf
533 2997 577 3052 dre
589 2998 682 3052 Sohne
735 2999 801 3052 dum
819 2998 892 3053 auch
909 2999 972 3052 hier
990 2998 1132 3065 desselbe3
1151 2999 1223 3053 doch
1241 2999 1295 3053 sol·

122 3069 170 3123 des
197 3068 374 3136 Pisistratus,
402 3067 439 3122 da
461 3067 608 3150 Hipparch
636 3067 682 3123 die
735 3069 782 3124 len
809 3069 886 3123 wohl
913 3069 1001 3124 durch
1033 3086 1090 3124 uon
1117 3069 1162 3123 die
1193 3069 1296 3123 beiden

121 3139 331 3209 Uebersetzung
362 3139 411 3193 des
437 3140 595 3195 romischen
622 3156 682 3193 ma·
736 3139 1050 3209 zusammengehtrigen
1072 3141 1164 3193 ersten
1183 3139 1297 3193 Cheder

121 3209 208 3280 gister
226 3209 352 3277 equitum
370 3209 409 3264 ist
426 3210 486 3278 (suo
499 3211 584 3278 iure);
607 3209 681 3266 Einl.
736 3227 822 3280 engen
830 3210 993 3265 verbunden
1002 3208 1120 3262 werden.
1139 3212 1143 3274 Ι
1160 3214 1296 3276 strepen-

121 3298 148 3349 p.
175 3285 204 3348 6,
233 3285 275 3335 24.
306 3282 310 3347 Ι
347 3281 490 3348 recticolae
522 3297 615 3350 equos:
652 3297 682 3334 er
735 3282 812 3336 tinus
829 3282 916 3347 berea,
940 3280 1007 3334 Hor.
1026 3295 1049 3332 c.
1069 3285 1094 3346 2,
1114 3283 1156 3344 18,
1177 3285 1192 3331 6
1211 3295 1299 3346 neque

121 3351 257 3418 ubertrug
288 3349 334 3404 die
358 3349 488 3417 Stcllung
519 3351 569 3405 der
590 3351 682 3405 Reun-
736 3352 829 3405 Attali
852 3352 962 3419 {poetar
988 3350 1061 3402 berea
1087 3349 1191 3417 rapiam
1219 3365 1297 3403 occc-

123 3419 221 3489 pferde
240 3418 286 3472 bei
300 3419 355 3474 den
369 3419 548 3474 offentIIchen
561 3420 682 3490 Spielen,
735 3421 810 3490 paci.
827 3421 832 3488 1
849 3426 882 3474 18
893 3421 955 3474 latr.
965 3420 1049 3484 ra'tu,
1064 3418 1116 3473 wie
1131 3436 1160 3472 es
1170 3417 1201 3472 in
1211 3421 1298 3474 deren

124 3490 169 3545 die
193 3491 270 3545 sonst
287 3506 343 3544 von
366 3488 520 3544 Senatoren
544 3492 602 3543 und
624 3490 684 3548 Rit-
736 3492 858 3546 Wesen
876 3488 1033 3559 begrcndet
1051 3488 1117 3559 ist!
1139 3494 1171 3544 ut
1188 3495 1298 3545 tactum

122 3563 186 3617 tem
218 3562 320 3630 (gegen
356 3560 418 3615 eine
450 3559 684 3630 Entschbdigung
737 3591 772 3601 -
786 3561 934 3629 potuisset,
952 3578 980 3629 p.
1000 3559 1071 3614 Sest.
1086 3566 1119 3614 91
1139 3566 1171 3615 ut
1188 3567 1298 3616 tautum

123 3648 178 3687 von
206 3631 302 3686 Seiten
329 3631 378 3686 der
405 3631 609 3701 Veranstalter)
637 3633 684 3686 be·
737 3632 874 3696 baberent,
893 3635 1027 3699 quantum
1045 3648 1131 3686 mauu
1145 3633 1298 3686 occiribus

124 3700 685 3842 altstat*stalhltlltltt
733 3718 787 3827 tt
804 3702 920 3827 tttt
933 3703 1100 3842 tttttl?
1123 3707 1172 3756 “²“
1195 3704 1298 3771 mm

123 3843 200 3898 wohl
218 3843 280 3897 eine
298 3843 460 3899 bestimmte
478 3843 609 3913 Abgabe,
636 3843 684 3897 da·
773 3848 807 3897 21
817 3844 879 3897 istis
891 3844 1021 3910 faucibus
1035 3864 1082 3896 —:
1096 3844 1147 3897 der
1159 3843 1296 3897 Umstand
1306 3848 1340 3897 63

123 3915 175 3968 her
197 3915 367 3982 noctipetas!
389 3920 421 3968 11
447 3915 532 3981 boae,
562 3914 610 3968 des
635 3913 683 3968 Cn.
737 3913 802 3968 dass
825 3915 898 3969 trotz
923 3913 1012 3970 seiner
1029 3914 1226 3984 kbrperlichen
1243 3914 1296 3967 Be·

124 3983 288 4054 Pompoius;
307 3984 380 4038 Einl.
394 4005 421 4055 p.
434 3992 459 4051 7,
473 3991 521 4051 38;
541 3986 611 4040 mole
628 3990 684 4038 tue·
737 3983 875 4055 fahigung
901 3985 960 4040 viel
990 4004 1024 4038 zu
1051 3987 1201 4056 vertragen
1230 3985 1295 4040 Ant.

124 4062 185 4122 tur,
207 4071 305 4124 wegen
324 4055 416 4110 seiner
434 4055 586 4122 Schulden3
612 4055 684 4110 nach
739 4054 798 4109 sich
835 4056 955 4110 diesmal
990 4056 1062 4110 doch
1097 4057 1298 4110 fibemommen

126 4128 250 4182 anderen
267 4142 367 4195 wegen
386 4126 435 4180 der
452 4127 617 4196 Ansprr'iche
636 4126 685 4180 des
737 4127 818 4181 hatte
841 4126 904 4196 gibt
927 4127 1009 4182 einen
1026 4126 1165 4180 Massstab
1183 4125 1229 4178 fiir
1247 4126 1297 4180 das

126 4197 190 4252 Sex.
210 4197 365 4267 Pompeius
383 4199 437 4262 112
458 4198 501 4250 M.
518 4197 599 4251 R'so:
618 4197 686 4251 eher
739 4196 880 4262 Quantum
903 4198 953 4251 das
977 4214 1008 4252 er
1036 4197 1096 4252 sich
1118 4197 1298 4265 augemuthet

125 4269 163 4323 Μ.
177 4268 282 4337 Pupius
300 4268 365 4323 Piso
384 4267 469 4337 Frugi
484 4266 685 4337 Calpurnianus
737 4268 827 4323 hatte.
864 4267 923 4322 huf
937 4269 1003 4323 Ant.
1017 4267 1197 4322 Trunksucht
1214 4267 1299 4336 spielt

126 4355 181 4393 cos.
201 4345 234 4393 61
256 4340 298 4394 als
316 4339 354 4394 M.
374 4337 539 4407 Calpurnius
558 4337 624 4392 Piso
643 4356 685 4407 pr.
741 4336 796 4394 Cic.
816 4338 869 4394 mit
881 4339 1013 4394 Vorliebe
1031 4339 1089 4392 und
1103 4338 1203 4408 gewiss
1219 4337 1299 4392 nicht
