2812 4776
155 223 196 287 70
543 223 580 277 M.
600 223 724 277 TULLII
743 220 934 276 CICERONIS

152 386 281 450 infore
305 386 376 449 alea
398 385 521 468 ludere,
554 385 627 469 lege
651 406 732 467 quae
756 387 807 449 est
830 383 869 448 de
898 383 969 447 alea
993 383 1243 447 condemnatum
1271 383 1327 466 qui

151 475 187 537 in
209 475 373 559 integrum
399 474 557 557 restituit,
589 473 617 536 is
640 494 707 537 non
736 472 940 556 apertissime
969 471 1111 535 studium
1139 493 1233 535 suum
1256 470 1327 553 ipse

99 563 133 614 5⁷
151 561 344 646 profitetur?
373 562 408 625 in
428 562 541 626 eodem
559 583 635 626 vero
653 561 835 643 tribunatu,
859 582 932 624 cum
947 557 1068 624 Caesar
1085 558 1119 624 in
1133 558 1328 642 Hispaniam

149 649 357 734 proficiscens
385 650 460 714 huic
488 649 739 721 conculcandam
761 647 893 713 Italiam
922 648 1127 730 tradidisset,
1159 669 1242 731 quae
1265 647 1329 712 fuit

151 739 219 802 eius
242 739 428 822 peragratio
456 739 668 822 coloniarum,
700 737 852 802 lustratio
880 737 1142 820 municipiorum!
1180 737 1247 800 scio
1275 752 1354 800 me5

150 827 186 890 in
208 827 304 891 rebus
328 826 594 891 celebratissimis
618 826 763 892 omnium
784 847 931 892 sermone
949 826 1086 908 versari,
1110 845 1221 908 eaque,
1245 846 1327 907 quae

151 914 222 979 dico
255 915 462 998 dicimusque
493 936 577 997 sum,
609 915 739 980 notiora
771 936 842 979 esse
874 913 1038 997 omnibus,
1075 912 1131 996 qui
1162 913 1197 976 in
1228 913 1328 976 Italia

149 1005 220 1067 tum
243 1003 388 1086 fuerunt,
412 1025 509 1086 quam
533 1002 627 1086 mihi,
651 1004 795 1086 quinon
816 1003 877 1067 fui:
898 1002 1023 1067 notabo
1045 1004 1158 1066 tamen
1181 1001 1327 1085 singulas

150 1113 215 1172 res,
249 1091 311 1155 etsi
338 1092 427 1155 nullo
457 1091 553 1155 modo
580 1092 702 1174 poterit
730 1091 835 1156 oratio
862 1113 936 1155 mea
966 1091 1048 1155 satis
1068 1089 1175 1154 facere
1198 1093 1327 1154 vestrae

150 1178 315 1244 scientiae.
369 1179 489 1244 etenim
521 1179 606 1263 quod
636 1201 777 1265 unquam
809 1180 846 1244 in
875 1180 973 1244 terris
1006 1182 1134 1243 tantum
1165 1178 1327 1262 flagitium
1342 1197 1366 1236 ιι

150 1266 313 1331 exstitisse
336 1267 484 1332 auditum
507 1268 578 1332 est?
612 1270 754 1349 [tantam
776 1265 1047 1352 turpitudincm‘l]
1081 1269 1211 1330 tantum
1235 1266 1327 1330 dede·

97 1355 229 1421 24cus?
266 1355 444 1420 vehebatur
475 1356 510 1419 in
543 1357 656 1421 essedo
687 1357 838 1422 tribunus
867 1357 987 1441 plebis,
1023 1356 1156 1421 lictores
1188 1356 1327 1419 laureati

97 1448 131 1497 58
151 1444 397 1528 antecedebant,
419 1445 503 1508 inter
521 1467 602 1528 quos
622 1450 736 1528 aperta
754 1446 868 1510 lectica
886 1445 989 1508 mima
1006 1445 1208 1529 portabatur,
1228 1465 1326 1527 quam

150 1554 189 1596 ex
220 1531 348 1616 oppidis
376 1533 588 1616 municipales
620 1533 768 1598 homines
801 1533 944 1615 honesti,
981 1532 1111 1597 obviam
1143 1533 1325 1597 necessario

148 1621 360 1705 prodeuntes,
382 1643 449 1687 non
471 1625 550 1686 noto
573 1621 631 1686 illo
655 1627 690 1686 et
711 1623 842 1687 mimico
865 1621 1010 1705 nominc,
1034 1620 1091 1685 sed
1114 1619 1326 1686 Volumniam
1341 1640 1366 1680 ιι

149 1709 408 1774 consalutabant.
454 1711 649 1794 sequebatur
670 1711 768 1776 raeda
792 1733 864 1776 cum
887 1710 1073 1792 lenonibus,
1098 1710 1248 1790 [comites
1271 1732 1327 1774 ne-

150 1798 327 1882 quissimi];
357 1799 481 1864 reiecta
501 1802 607 1863 mater
622 1800 769 1864 'amicam
792 1800 912 1882 impuri
934 1798 994 1862 filii
1017 1801 1185 1882 tamquam
1207 1820 1325 1863 nurum

150 1887 353 1969 sequebatur.
414 1909 432 1951 o
465 1888 602 1952 miserae
640 1889 785 1953 mulieris
817 1887 1049 1953 fecunditatem
1086 1887 1324 1951 calamitosam!

149 2112 279 2166 stituiren
296 2111 335 2166 ist
353 2111 559 2166 unverzeihlich
585 2114 642 2166 und
660 2114 707 2168 be·
762 2114 828 2167 hort
844 2113 917 2166 auch
933 2131 966 2166 zu
981 2114 1110 2177 dedecu3;
1128 2117 1235 2167 tautam
1249 2118 1322 2181 carp.

148 2180 275 2250 greiflich
302 2201 355 2236 nur
381 2183 428 2236 bei
452 2183 544 2236 einem
571 2184 636 2237 dem
662 2184 708 2238 die
761 2183 937 2238 nnterbricht
968 2182 1018 2237 das
1048 2182 1158 2255 Gefdge
1193 2184 1251 2237 und
1287 2185 1325 2239 ist

149 2252 412 2322 Spielleidenschaft
425 2253 480 2306 den
495 2253 562 2307 Sinn
580 2254 707 2308 verblen·
762 2271 814 2307 nur
832 2252 894 2307 eine
913 2251 1072 2322 Erklarung
1092 2271 1126 2308 an
1148 2259 1256 2308 tactum
1279 2256 1323 2309 de-

148 2323 197 2378 det
215 2323 284 2377 hat’
308 2324 312 2392 Ι
338 2330 352 2377 1
373 2326 428 2394 lepe
445 2340 514 2392 quoe
531 2329 571 2378 est
588 2325 620 2378 de
638 2326 707 2390 aleo,
762 2326 849 2379 decas.

148 2393 195 2448 die
217 2395 264 2448 lex
289 2395 396 2450 alearia
425 2396 512 2449 sehon
535 2411 592 2449 von
615 2395 707 2451 Plaut.
800 2401 832 2449 12
859 2397 892 2449 ic
914 2395 1015 2461 maedo,
1048 2394 1098 2450 acl
1121 2395 1213 2449 einem
1241 2397 1323 2450 zwei·
1344 2405 1376 2453 58

147 2465 207 2519 mil.
228 2471 280 2519 164
303 2468 361 2534 (um
380 2465 429 2520 das
446 2465 471 2521 J.
486 2468 549 2534 200)
573 2467 708 2522 erwtthnt.
761 2465 1100 2535 rtdrigcn‚vomoffenen
1108 2465 1324 2521 Britannischen

148 2536 213 2606 Vgl.
231 2536 296 2606 Dig.
315 2538 367 2603 XI,
388 2541 412 2591 5.
449 2536 501 2591 Die
521 2537 708 2592 Verurteilten
762 2537 886 2606 Wagen‚
913 2537 967 2590 wie
990 2537 1031 2592 sie
1054 2539 1112 2591 eret
1139 2537 1266 2590 kfiralich
1293 2538 1324 2592 in

148 2607 376 2662 wurden'durch
398 2608 498 2662 Ersatz
521 2607 569 2662 des
588 2608 709 2676 quadru-
763 2609 864 2662 Italien
884 2607 1045 2676 eingefdhrt
1062 2624 1164 2662 waren.
1202 2607 1278 2662 Guhl
1296 2627 1323 2663 u.

146 2678 226 2745 plum
236 2677 386 2732 ulnfamic
396 2677 709 2746 bestiastltstodieoa,
734 2699 736 2702 ⁴
763 2678 857 2732 Koner
880 2681 915 2746 (3.
931 2680 975 2745 A.)
996 2677 1023 2731 S.
1039 2682 1099 2734 658.
1123 2684 1157 2732 tr.
1175 2679 1227 2747 pl„
1246 2680 1324 2732 wth-

148 2746 317 2816 Spielwuth3
336 2765 418 2801 suum
432 2750 499 2815 ipae,
510 2749 586 2802 aeine
601 2749 708 2818 eigans.
761 2749 831 2802 rend
850 2749 896 2802 die
913 2747 1134 2802 Volkstribunen
1152 2747 1213 2803 sich
1230 2750 1322 2803 wahr-

94 2823 128 2871 57
183 2822 200 2870 4
218 2819 337 2871 concute.
351 2849 384 2857 -
400 2819 487 2872 trad:
505 2819 542 2872 ad
555 2820 615 2874 Att.
629 2825 707 2887 8,11,
762 2817 916 2872 schcinlich
941 2835 993 2887 gar
1016 2817 1112 2873 keines
1131 2820 1256 2888 Wagens
1275 2821 1324 2875 be·

147 2893 165 2941 4
183 2889 340 2942 conculcari
361 2889 488 2942 misaam
506 2890 624 2943 Italiam
643 2906 708 2957 pro-
763 2889 864 2942 dienen
883 2888 1003 2943 durften.
1026 2890 1030 2956 Ι
1051 2890 1170 2944 lictores:
1192 2890 1324 2946 Lictoren

146 2959 224 3012 ximo
242 2963 344 3014 aestate
357 2960 469 3013 videtis.
486 2960 491 3026 l
507 2964 523 3012 5
539 2961 710 3014 coloniorum
763 2959 919 3014 hatteAnt.
934 2960 976 3014 als
986 2959 1162 3029 Propraetor,
1181 2977 1260 3015 worn
1273 2961 1324 3015 ihn

145 3029 192 3082 fur
209 3028 260 3083 das
277 3029 320 3084 hs.
335 3030 474 3096 itinerum,
495 3030 531 3084 da
548 3046 614 3085 man
632 3031 711 3085 nicht
763 3030 865 3084 Caesar
896 3047 948 3085 vor
979 3030 1070 3085 seiner
1101 3031 1217 3086 Abreise
1251 3033 1325 3086 nach

147 3117 234 3168 sagen
252 3100 329 3154 kann
351 3117 502 3170 peragrare
526 3101 629 3156 itinera
656 3102 710 3156 wie
764 3100 887 3169 Spanicn
914 3103 1033 3156 ernannt
1063 3102 1156 3168 hattc;
1196 3104 1324 3169 humecti,

145 3172 245 3238 terras,
262 3172 352 3226 maria
370 3191 396 3226 u.
412 3177 436 3227 t.
463 3178 514 3226 100
528 3191 565 3226 m.
591 3179 624 3227 76
638 3190 665 3242 g.
678 3171 708 3228 n.
763 3188 861 3241 wegen
888 3173 939 3226 der
956 3173 1146 3241 Vertreibung
1168 3173 1218 3224 der
1240 3173 1323 3226 Pom·

146 3246 181 3294 58
196 3242 226 3295 E.
250 3243 254 3308 Ι
275 3243 333 3296 eirca
347 3245 509 3311 pancratio
528 3244 711 3298 coloniorum:
763 3242 879 3311 peianer
893 3260 943 3297 aus
952 3243 1060 3297 Italian.
1080 3244 1134 3312 l13
1182 3247 1240 3294 erto
1254 3243 1324 3310 lect,

147 3328 228 3365 wenn
243 3312 312 3364 awei
326 3311 472 3380 Genetiva,
488 3314 569 3382 jeder
582 3314 628 3367 fiir
642 3313 710 3382 sich,
764 3313 815 3368 das
833 3311 1000 3382 Gegenthcil
1020 3318 1083 3377 1063
1102 3311 1146 3365 Gn
1191 3311 1325 3368 uKoner

145 3397 201 3435 von
227 3380 388 3436 demselben
411 3382 575 3437 Substantiv
599 3385 706 3439 abban·
760 3384 787 3438 S.
803 3389 854 3437 656
868 3384 900 3437 Ε.
933 3384 970 3438 ad
983 3383 1042 3436 Att.
1055 3387 1176 3450 10,10,t
1198 3381 1321 3452 Cytheri-

145 3468 209 3576 ἔθη,
223 3451 335 3506 werden
350 3452 391 3506 cie
404 3453 538 3507 meistens
552 3455 640 3509 durch
655 3455 705 3509 das
759 3455 819 3508 ἀιιιι
836 3469 924 3507 seeum
942 3454 1036 3507 tectim
1050 3459 1147 3522 opertu
1156 3460 1260 3522 portat,
1280 3457 1321 3509 ol-

166 3521 358 3577 nbstantivum
376 3524 519 3599 getrenntj
546 3522 576 3577 in
600 3524 706 3578 diesem
759 3529 845 3578 teram
858 3539 984 3590 eaucerem,⁸
1001 3529 1319 3592 septempraetereoeoec

145 3593 225 3648 Falla
244 3594 312 3648 oder
330 3609 412 3647 wenn
429 3593 511 3648 beide
526 3593 587 3648 ihm
605 3611 705 3650 voran-
759 3596 869 3648 icoctoe
882 3595 992 3648 lecticae
1007 3596 1173 3650 amicorum:
1191 3613 1237 3650 coe
1254 3603 1320 3651 scat

146 3665 254 3733 stehen,
272 3665 347 3734 lolgt
365 3665 542 3719 darGenetiv
556 3665 705 3720 derSachc
759 3667 915 3720 amicorum.
947 3664 1020 3721 Einl.
1038 3684 1066 3735 p.
1082 3674 1107 3733 6,
1121 3673 1164 3721 26.
1190 3669 1194 3732 Ι
1221 3673 1255 3720 14
1274 3668 1319 3721 ob·

146 3735 323 3803 gewdhnlich
347 3735 412 3789 dem
430 3735 480 3790 der
497 3736 614 3802 Person3
646 3737 704 3806 vgl.
758 3738 833 3790 cium
857 3767 890 3777 -
912 3737 1092 3804 prodeuntes,
1119 3754 1142 3791 c.
1162 3743 1196 3791 32
1219 3737 1237 3792 i.
1258 3739 1291 3792 A.
1313 3737 1317 3810 l

145 3821 179 3857 zu
197 3811 231 3858 43
245 3806 276 3859 Ε.
307 3810 311 3873 Ι
341 3808 425 3875 Spue‘
441 3823 498 3861 coa
515 3808 574 3874 fui,
592 3807 705 3861 obwohl
760 3812 792 3860 15
811 3823 869 3860 uon
895 3812 959 3861 acto
984 3837 1016 3847 --
1042 3809 1164 3862 nomiae:
1192 3807 1318 3877 Cytheris

145 3874 242 3931 Cicero
256 3877 330 3930 noch
344 3878 413 3931 fiber
427 3876 508 3932 einen
517 3878 614 3932 Monat
631 3877 704 3931 nach
757 3893 816 3931 war
843 3878 916 3932 auch
946 3877 992 3933 die
1015 3879 1144 3934 Geliebtc
1169 3879 1246 3933 cinea
1271 3880 1318 3934 Se·

145 3946 335 4016 demAbgang
345 3947 459 4002 Caesari
469 3948 498 4002 in
509 3947 703 4003 Italienblicb.
757 3950 853 4002 nators
876 3948 1042 4004 Volumnius
1069 3950 1248 4020 Eutrapelum
1281 3951 1318 4004 ad

147 4015 311 4088 lacernae
327 4019 505 4072 seieatioe=
519 4020 599 4074 vobis
616 4019 703 4074 scicn-
757 4019 823 4074 fam.
843 4025 927 4088 9,26,
944 4027 966 4072 1.
986 4026 1011 4076 2.
1046 4022 1050 4088 Ι
1087 4027 1119 4076 ie
1143 4022 1242 4086 raeda,
1270 4021 1318 4075 be·

144 4087 229 4158 tibus,
246 4088 300 4142 wie
320 4094 354 4142 64
370 4089 443 4157 qaod
456 4091 577 4144 mucium
590 4092 705 4160 sopierat
758 4106 874 4158 quemer
891 4089 1073 4161 Reisewagen
1104 4092 1254 4146 besonders
1272 4091 1318 4145 fiir

143 4160 281 4224 audacem
299 4165 332 4215 67
348 4160 428 4214 arbee
442 4164 467 4213 et
484 4177 570 4231 repca
581 4163 704 4217 celeriter
757 4161 874 4229 Frauen,
892 4179 920 4230 p.
928 4160 987 4216 Mil.
996 4167 1038 4216 28.
1056 4166 1060 4230 Ι
1076 4135 1197 4234 leemites
1210 4164 1319 4231 nequis·
1383 4158 1386 4163 ’

144 4234 225 4284 tuoto
253 4231 378 4299 aequitio
407 4230 537 4286 devorare
563 4233 703 4301 potuisset.
756 4232 833 4303 ami]
861 4233 1038 4288 unterbricht
1064 4235 1118 4286 den
1141 4232 1319 4287 zusammen·

47 4341 48 4344 η
146 4298 265 4354 Schiller
284 4301 351 4356 ‘von
365 4317 483 4356 wannen
496 4303 575 4357 ward
591 4303 635 4358 dir
648 4304 704 4358 sol·
757 4303 834 4372 hang
856 4303 915 4358 und
940 4303 1051 4358 scheint
1077 4303 1140 4358 eine
1164 4302 1262 4358 Glosse
1285 4321 1319 4357 au

143 4370 196 4423 che
210 4371 442 4427 Wissenschostl'
469 4375 474 4441 Ι
505 4378 538 4427 10
561 4375 634 4444 quod
655 4391 704 4445 ge·
758 4374 910 4431 lenonibus.
945 4375 949 4442 Ι
984 4381 1017 4430 lt
1044 4379 1138 4441 mater,
1165 4379 1199 4427 49
1219 4375 1237 4429 i.
1256 4373 1315 4445 Α.Ι
