2812 4776
159 209 219 273 60
558 209 595 263 Μ.
616 208 739 262 TULLII
758 207 949 262 CICERONIS

158 371 254 453 plena
277 391 384 453 curae,
408 391 519 434 verum
542 374 653 433 tamen
672 369 834 453 homines,
857 370 1004 453 quamvis
1024 370 1058 433 in
1076 368 1220 433 turbidis
1239 368 1345 433 rebus

160 459 235 541 sint,
254 462 373 542 tamen,
393 459 420 522 si
439 458 534 522 modo
553 457 701 522 homines
722 461 805 541 sunt,
823 457 987 522 interdum
1003 457 1118 522 animis
1137 458 1345 522 relaxantur.

105 569 140 617 40
160 547 246 630 quod
269 551 377 611 autem
399 546 485 610 idem
507 547 706 612 maestitiam
728 568 834 610 meam
857 546 1077 628 reprehendit,
1106 545 1194 609 idem
1217 545 1344 630 iocum,

159 655 280 720 magno
304 637 496 719 argumento
520 639 570 698 est
593 656 644 697 me
667 635 702 698 in
724 638 863 719 utroque
885 634 986 698 fuisse
1011 635 1224 699 moderatum.

248 722 453 787 Hereditates
477 723 558 786 mihi
579 724 707 808 negasti
730 724 847 787 venire.
885 724 1012 787 utinam
1030 724 1092 788 hoc
1109 726 1204 786 tuum
1223 740 1367 788 verume

159 813 280 876 crimen
303 813 401 876 esset!
431 812 541 894 plures
565 811 662 875 amici
684 812 748 874 mei
766 815 800 875 et
817 811 994 876 necessarii
1011 811 1165 877 viverent.
1204 812 1266 875 sed
1285 811 1344 896 qui

158 901 243 964 istuc
266 900 328 964 tibi
350 900 440 964 venit
462 900 495 963 in
519 900 682 962 mentem?
714 921 775 984 ego
800 901 885 964 enim
909 900 1049 983 amplius
1068 900 1259 964 sestertium
1284 900 1342 964 du-

146 989 302 1057 centiens
335 991 502 1071 acceptum
534 987 768 1052 hereditatibus
799 988 921 1052 rettuli.
978 1010 1172 1072 quamquam
1205 989 1243 1052 in
1278 987 1344 1055 hoc

160 1097 277 1160 genere
304 1076 409 1141 fateor
436 1076 613 1140 feliciorem
641 1097 712 1140 esse
739 1080 785 1141 te:
817 1099 869 1142 me
897 1099 992 1141 nemo
1019 1077 1084 1141 nisi
1107 1077 1231 1141 amicus
1263 1076 1344 1142 fecit

158 1165 323 1247 heredem,
350 1169 387 1228 ut
409 1185 482 1228 cum
505 1165 564 1229 illo
588 1165 772 1248 commodo,
801 1166 829 1228 si
852 1166 938 1249 quod
962 1170 1045 1248 erat,
1077 1165 1178 1229 animi
1203 1165 1343 1248 quidam
1355 1184 1376 1224 1⁰

160 1253 253 1318 dolor
275 1254 474 1338 iungeretur,
497 1257 531 1316 te
553 1252 596 1335 is,
619 1275 715 1336 quern
739 1257 775 1317 tu
798 1253 910 1318 vidisti
932 1276 1112 1338 nunquam,
1134 1252 1170 1316 L.
1190 1251 1343 1319 Rubrius

106 1347 139 1394 41
161 1339 297 1406 Casinas
323 1342 413 1422 [fecit
434 1341 609 1422 heredem]⁸
655 1346 688 1404 et
715 1341 845 1424 quidem
872 1342 944 1406 vide
968 1364 1065 1426 quam
1094 1345 1127 1405 te
1155 1342 1282 1407 amarit
1305 1343 1343 1426 is,

160 1431 216 1514 qui
248 1430 342 1494 albus
375 1432 485 1493 aterne
516 1430 615 1494 fuerit
646 1430 791 1515 ignoras:
824 1430 936 1494 Fratris
964 1431 1068 1494 filium
1095 1430 1271 1514 praeterit,
1306 1431 1342 1507 11

159 1517 257 1601 Fufii,
288 1519 512 1582 honestissimi
540 1519 658 1602 equitis
685 1518 827 1583 Romani
855 1519 969 1603 suique
997 1519 1202 1602 amicissimi,
1234 1541 1342 1604 quem

160 1607 271 1690 palam
302 1605 454 1671 heredem
487 1628 614 1690 semper
644 1606 827 1689 factitarat,
863 1629 905 1671 ne
936 1608 1085 1672 nominat
1117 1607 1266 1691 quidem:
1300 1613 1376 1691 tes

161 1718 256 1779 quem
283 1716 449 1779 nunquam
476 1695 602 1759 viderat
631 1698 687 1759 aut
710 1700 797 1760 certe
819 1718 986 1779 nunquam
1014 1695 1231 1779 salutaverat,
1261 1695 1342 1762 fecit

160 1890 228 1957 gute
246 1888 309 1943 Hss.
329 1892 408 1943 erard
424 1887 476 1940 iiic
494 1887 601 1956 quidem
620 1904 641 1942 c.
661 1887 719 1941 bie·
768 1888 847 1957 ptius
865 1907 898 1941 zu
917 1887 1065 1956 berichen,
1089 1886 1212 1940 scudem
1229 1888 1287 1942 auf
1303 1904 1342 1943 se-

160 1963 209 2012 ten
233 1959 291 2012 und
314 1959 359 2012 fdr
382 1957 427 2012 die
450 1957 642 2028 Abweichung
664 1974 719 2011 von
772 1961 904 2024 stertium,
923 1975 982 2012 was
1001 1959 1043 2012 als
1057 1959 1188 2012 neutrum
1201 1957 1277 2029 sing.
1292 1975 1341 2014 an·

161 2030 251 2083 dieser
272 2028 492 2098 regelm‘dssigen
511 2028 640 2098 Stellung
660 2029 720 2083 hier
773 2030 895 2098 geschen
913 2029 971 2082 und
989 2029 1093 2083 flectirt
1110 2028 1214 2083 wurde.
1251 2035 1288 2084 93
1303 2048 1341 2084 m.

160 2099 227 2154 kein
245 2099 342 2155 Gruud
365 2098 486 2168 vorliegt
509 2098 572 2167 (wie
593 2107 622 2165 6;
651 2107 718 2154 aul
774 2106 854 2154 bbm.
878 2100 1002 2165 Z.§873
1017 2098 1116 2169 (1.1).
1133 2103 1137 2167 1
1155 2105 1188 2153 12
1209 2099 1341 2168 Gortuae

160 2173 251 2237 317),
273 2171 312 2224 ist
333 2169 479 2224 vielleicht
500 2170 551 2223 iiio
573 2187 624 2224 vor
642 2187 666 2238 q.·
686 2190 720 2225 zu
774 2169 961 2225 ausCasinum
976 2170 1138 2224 inLatium.
1155 2170 1159 2239 1
1176 2169 1341 2240 [fertiliore-

161 2239 276 2307 stellen;
295 2241 413 2295 manche
427 2240 542 2294 wollten
556 2241 629 2294 auch
637 2259 670 2309 p.
678 2247 719 2308 57,
773 2242 856 2312 dem],
875 2242 920 2295 ein
934 2243 1036 2295 matter
1048 2241 1158 2308 Zusatz,
1176 2241 1272 2296 durch
1287 2243 1342 2298 deu

163 2320 176 2365 1
201 2311 256 2365 fuit
278 2311 393 2378 quidem
419 2310 500 2365 illud.
537 2311 611 2380 (Vgl.
635 2311 719 2365 Halm
774 2313 823 2366 der
842 2312 996 2381 Gegensatr
1014 2329 1069 2366 von
1084 2328 1126 2366 mc
1143 2327 1221 2367 nemo
1241 2313 1342 2369 undu

160 2401 194 2437 zu
210 2387 321 2447 las-18.
340 2381 456 2450 Madvig
468 2382 503 2435 de
517 2381 564 2436 fin.
574 2388 600 2450 4,
613 2389 654 2451 16,
664 2384 719 2450 43.)
773 2385 799 2437 is
825 2383 998 2453 vollst'dndig
1025 2383 1206 2451 geschwbcht
1230 2385 1341 2440 wurde.

163 2454 166 2525 1
189 2462 202 2507 1
223 2459 315 2508 tameu
331 2453 434 2508 nimmt
447 2452 656 2520 naehquomuis
668 2454 720 2507 das
773 2454 831 2508 Des
853 2454 984 2523 folgende
1007 2454 1096 2508 meint
1110 2453 1177 2508 mit
1201 2454 1342 2511 bitterem

160 2541 255 2579 oerum
273 2530 364 2579 temeri
381 2525 442 2590 auf,
460 2522 513 2577 wie
527 2541 554 2592 p.
565 2524 646 2578 Rosc.
657 2528 718 2579 Am.
773 2525 865 2591 Hohn,
884 2526 948 2580 dass
967 2524 1021 2578 mit
1038 2524 1100 2578 List
1118 2524 1219 2591 (durch
1237 2526 1342 2582 Testa·

161 2601 196 2650 55
210 2614 255 2664 m,
274 2613 319 2650 wo
337 2613 403 2650 man
417 2598 449 2649 at
461 2595 537 2648 idem
550 2594 627 2649 lesen
641 2595 720 2649 woll-
774 2596 1025 2665 mentsfdlschung)
1039 2595 1096 2649 und
1109 2594 1163 2649 mit
1173 2594 1290 2652 Gewalt
1303 2601 1341 2667 (p.

160 2670 198 2721 te.
214 2671 218 2734 1
234 2669 267 2720 iu
284 2668 404 2721 turbidis
421 2667 514 2732 rebus,
540 2666 575 2719 de
593 2665 649 2720 dir.
671 2674 684 2720 1
704 2671 720 2731 ς
775 2672 817 2733 61,
827 2669 855 2734 b)
873 2667 939 2720 Ant.
954 2665 1262 2721 fremdeErbschcften
1281 2668 1342 2723 sich

164 2742 213 2791 101
233 2739 265 2790 iu
283 2738 363 2791 rebus
380 2738 501 2791 turbidis
523 2737 659 2791 veridicae
676 2753 721 2790 oo·
776 2736 943 2819 angeeignet
965 2737 1051 2804 habe,
1078 2743 1138 2792 103.
1184 2739 1343 2807 etquidem

161 2823 203 2862 ees
221 2823 254 2860 ea
272 2808 376 2861 occuito
393 2809 491 2861 musae
509 2821 563 2860 esse
580 2809 720 2862 dicuutur.
775 2808 892 2876 steigert
909 2807 980 2862 hier.

108 2886 143 2933 40
197 2884 213 2932 3
232 2879 303 2932 idem
322 2907 354 2916 -
374 2879 459 2943 idern,
483 2894 522 2931 or.
542 2881 575 2928 22
601 2879 722 2932 uidemus
812 2884 845 2931 13
865 2880 913 2947 qui
937 2879 1016 2932 cibus
1039 2884 1131 2932 oterue
1153 2878 1244 2945 fuerit
1262 2881 1342 2950 ὀφιο-
1356 2884 1382 2936 41

161 2950 248 3016 fuisse
265 2949 396 3017 quosdam
414 2950 463 3017 qui
481 2948 565 3002 udeu
579 2953 675 3002 oruote
689 2966 722 3003 oe
775 2965 837 3014 ras,
849 2948 1072 3018 sprichwdrtlich
1082 2949 1343 3023 zurBezeichnung

161 3020 291 3089 praviter,
309 3021 394 3073 eidem
411 3025 516 3074 versute
534 3034 567 3071 ae
584 3021 722 3074 subtiliter
774 3019 934 3088 ganzlicher
952 3019 1229 3087 Unbekanntschaft3
1257 3022 1342 3079 Tusa

136 3149 137 3153 ,
162 3092 292 3157 dicereut;
313 3091 349 3144 ad
367 3091 432 3144 fam.
453 3097 478 3158 9,
493 3096 555 3158 2,1.
579 3092 614 3144 de
634 3091 720 3145 diue
776 3095 882 3155 55114
900 3091 1074 3145 Democritus
1088 3091 1242 3147 luminibus
1258 3094 1344 3149 om&-

83 3173 85 3176 ·
162 3167 234 3227 5⁷⁷.
252 3165 256 3228 1
273 3168 290 3215 4
307 3163 488 3216 moderatum:
507 3161 563 3218 Gic.
582 3180 640 3217 war
658 3162 722 3216 sehr
775 3163 813 3216 sis
836 3163 901 3216 albu
923 3163 1024 3216 seilicet
1046 3163 1198 3216 disseruere
1224 3167 1254 3217 et
1277 3169 1344 3220 utre

162 3232 259 3302 witzig
272 3232 519 3301 undseineZunge
533 3234 639 3298 scheri,
660 3232 722 3287 ‘lie-
774 3249 832 3286 uou
846 3238 970 3301 poterat;
990 3233 1092 3287 Gabull.
1110 3238 1143 3286 93
1162 3233 1206 3286 uit
1218 3234 1343 3291 nimiu

161 3303 212 3356 ber
238 3302 351 3357 mochte
379 3320 409 3357 er
436 3304 516 3357 einen
539 3305 650 3360 Freund
679 3304 721 3358 als
775 3305 878 3369 studeo,
897 3304 1007 3369 Oouor,
1025 3304 1077 3357 tibi
1090 3305 1154 3358 veile
1165 3304 1344 3372 placerem

163 3373 245 3427 einen
262 3372 339 3427 Witz
356 3374 513 3441 verlieren'‚
539 3374 612 3430 nach
631 3374 721 3428 einem
774 3376 844 3428 seire
860 3379 954 3428 utrum
971 3377 1010 3428 sis
1024 3375 1104 3428 cibus
1120 3391 1159 3428 au
1173 3379 1232 3429 ater
1252 3377 1342 3433 bomo.

161 3449 230 3497 rdm.
256 3443 429 3513 Sprichwore
461 3445 604 3500 Drumann
632 3445 665 3499 G.
688 3445 721 3498 R.
778 3446 941 3514 ipreeterit,
960 3463 1048 3515 praes.
1062 3446 1114 3501 wie
1128 3447 1275 3514 uomicae
1293 3464 1343 3520 ge-

162 3521 187 3582 6,
203 3514 294 3569 seeffi
314 3519 375 3570 523.
397 3518 401 3583 1
423 3521 438 3568 5
457 3516 544 3570 iered.
563 3547 599 3556 -
616 3517 721 3570 uenire:
775 3516 918 3570 wbhnlieh
958 3517 1025 3571 wird
1056 3517 1204 3585 praeteriit
1233 3518 1343 3575 abirci-

162 3585 192 3638 in
200 3586 399 3640 Testamenten
414 3601 469 3640 ron
482 3586 630 3641 Freunden
642 3587 723 3640 nicht
777 3587 867 3641 cheud
885 3604 941 3641 ron
960 3589 1009 3642 der
1028 3587 1126 3642 besten
1143 3586 1192 3643 Hs.
1211 3588 1343 3658 gelesen

162 3657 285 3711 bedacht
294 3675 329 3710 zu
338 3657 451 3711 werden
464 3657 526 3726 galt
535 3659 577 3711 als
585 3657 720 3712 Schande.
778 3657 781 3729 1
803 3664 838 3712 14
856 3659 937 3725 Fudi
954 3658 1051 3712 filium.
1068 3662 1073 3726 1
1088 3659 1184 3727 suique
1202 3661 1343 3717 amiciat-

162 3726 269 3782 Dritter
287 3727 425 3794 Vorwurf,
443 3745 504 3781 zum
524 3729 648 3784 Beweise
666 3746 721 3783 ron
774 3731 826 3794 uri,
845 3746 900 3783 von
918 3745 994 3795 suere,
1007 3747 1033 3798 p.
1045 3736 1087 3796 el,
1098 3735 1139 3796 10,
1159 3745 1244 3783 wenn
1259 3730 1345 3789 nicht

164 3796 220 3852 Cic.
248 3798 426 3868 gehdssigem
450 3797 614 3854 Charekter.
656 3800 721 3869 Vgl.
775 3801 959 3854 amantissimi
981 3818 1015 3853 zu
1034 3800 1179 3854 schreiben
1203 3799 1259 3868 ist,
1284 3800 1343 3859 wit

128 3935 133 3939 ἢ
161 3867 307 3921 Drumann
330 3875 355 3936 6,
373 3875 475 3936 3817.
521 3870 662 3925 dedomo
686 3877 720 3926 85
775 3870 847 3924 auch
869 3869 1014 3925 vielleicht
1032 3876 1066 3923 39
1090 3871 1280 3927 amaudsame·
1296 3872 1344 3929 do·

161 3940 223 4008 quis
237 3955 356 3993 meorum
371 3942 521 3995 amicorum
534 3946 721 3996 testamcutum
773 3942 878 3995 siderii.
895 3943 899 4009 1
917 3947 950 3995 15
962 3943 1060 4010 palem
1078 3971 1112 3979 -
1130 3941 1294 4011 factitarat,
1311 3960 1343 4015 p.

162 4012 281 4065 dueusu
307 4027 364 4064 uuo
391 4013 467 4080 feeit,
494 4015 544 4081 qui
569 4015 638 4068 mibi
664 4029 722 4067 uou
775 4012 834 4066 Mil.
848 4018 883 4067 48
902 4017 1089 4066 testameutum
1103 4012 1201 4080 potem
1218 4013 1345 4082 fecem,-

162 4083 232 4136 idem
259 4082 387 4136 tribuerit
414 4085 533 4152 quodsi
556 4082 694 4139 adessem
716 4084 719 4154 1
773 4084 868 4151 palem
891 4081 980 4138 heisst
1002 4083 1063 4136 hier
1082 4099 1132 4136 vor
1151 4083 1281 4154 Zeugen,
1303 4086 1346 4143 dt

162 4154 211 4207 hoc
242 4159 321 4208 tuum
353 4152 459 4208 crimen
490 4171 583 4208 cerua
619 4157 722 4210 crirueu
776 4153 837 4208 eine
867 4154 962 4209 solche
989 4153 1149 4223 Erhldrung
1175 4153 1222 4208 die
1250 4154 1345 4213 sune

162 4229 235 4279 esset
252 4226 289 4294 18
308 4225 426 4291 refertur
440 4224 591 4279 intabulas
606 4227 722 4295 accepta
776 4223 825 4277 des
849 4224 1026 4280 Testaments
1056 4226 1171 4279 vertrst.
1198 4228 1202 4293 1
1228 4232 1266 4282 16
1290 4232 1346 4285 urit

161 4295 290 4362 pecunia,
304 4295 391 4348 fertur
404 4311 538 4364 expensa3
557 4295 613 4365 rgl.
619 4315 646 4366 p.
654 4295 722 4350 Cae·
775 4300 852 4361 certe,
868 4294 947 4351 ‘oder
961 4296 1151 4366 wenigstens’,
1160 4297 1253 4352 wofdr
1267 4300 1346 4357 auch

160 4364 225 4417 eina
248 4372 290 4418 17.
329 4371 468 4434 eremium
490 4365 570 4419 nicht
593 4367 643 4420 auf
663 4384 720 4421 aru·
776 4366 1346 4442 daseinfacheautstehenlrbnntc.lfecit,
